{"btc_usd":[{"type":"bid","price":1175,"amount":0.05258754,"tid":93314174,"timestamp":1488295740},{"type":"ask","price":1173.002,"amount":0.00391235,"tid":93314162,"timestamp":1488295715},{"type":"ask","price":1173.003,"amount":0.02138765,"tid":93314161,"timestamp":1488295715},{"type":"bid","price":1175,"amount":0.09973639,"tid":93314156,"timestamp":1488295704},{"type":"bid","price":1175,"amount":0.30838027,"tid":93314155,"timestamp":1488295704},{"type":"bid","price":1174.997,"amount":0.76148539,"tid":93314154,"timestamp":1488295704},{"type":"ask","price":1173,"amount":0.00265192,"tid":93314124,"timestamp":1488295682},{"type":"ask","price":1173,"amount":0.04503079,"tid":93314123,"timestamp":1488295682},{"type":"bid","price":1173.002,"amount":0.026,"tid":93314119,"timestamp":1488295641},{"type":"ask","price":1173.003,"amount":0.016,"tid":93314118,"timestamp":1488295641},{"type":"ask","price":1173,"amount":0.61732346,"tid":93314117,"timestamp":1488295638},{"type":"ask","price":1173.001,"amount":0.36562628,"tid":93314116,"timestamp":1488295638},{"type":"ask","price":1173.002,"amount":0.00852513,"tid":93314115,"timestamp":1488295638},{"type":"ask","price":1173.002,"amount":0.00852513,"tid":93314114,"timestamp":1488295638},{"type":"bid","price":1175,"amount":0.14700663,"tid":93314112,"timestamp":1488295632},{"type":"bid","price":1174.995,"amount":0.17289408,"tid":93314111,"timestamp":1488295632},{"type":"bid","price":1174.995,"amount":0.12710592,"tid":93314107,"timestamp":1488295628},{"type":"bid","price":1174,"amount":0.01149408,"tid":93314106,"timestamp":1488295628},{"type":"ask","price":1173.3,"amount":0.00852296,"tid":93314101,"timestamp":1488295612},{"type":"ask","price":1173.3,"amount":0.08325248,"tid":93314100,"timestamp":1488295612},{"type":"bid","price":1174,"amount":0.02289488,"tid":93314098,"timestamp":1488295611},{"type":"ask","price":1173.3,"amount":0.06705408,"tid":93314003,"timestamp":1488295515},{"type":"ask","price":1173.301,"amount":0.00852296,"tid":93314002,"timestamp":1488295515},{"type":"ask","price":1173.301,"amount":0.00752296,"tid":93314001,"timestamp":1488295515},{"type":"ask","price":1173.301,"amount":0.001,"tid":93313999,"timestamp":1488295501},{"type":"bid","price":1173.002,"amount":0.0406687,"tid":93313997,"timestamp":1488295488},{"type":"bid","price":1173.002,"amount":0.01098472,"tid":93313994,"timestamp":1488295477},{"type":"bid","price":1173.002,"amount":0.03,"tid":93313993,"timestamp":1488295473},{"type":"ask","price":1173,"amount":0.15641057,"tid":93313989,"timestamp":1488295462},{"type":"ask","price":1173.001,"amount":0.18947133,"tid":93313988,"timestamp":1488295462},{"type":"ask","price":1173.001,"amount":0.1,"tid":93313964,"timestamp":1488295458},{"type":"ask","price":1172.461,"amount":0.13500697,"tid":93313956,"timestamp":1488295445},{"type":"bid","price":1175,"amount":0.02626423,"tid":93313955,"timestamp":1488295442},{"type":"bid","price":1174.9,"amount":0.02373577,"tid":93313954,"timestamp":1488295442},{"type":"bid","price":1174.9,"amount":0.03491253,"tid":93313930,"timestamp":1488295420},{"type":"bid","price":1174.9,"amount":0.017656,"tid":93313924,"timestamp":1488295412},{"type":"bid","price":1174.9,"amount":0.01,"tid":93313915,"timestamp":1488295365},{"type":"bid","price":1174.9,"amount":0.05,"tid":93313914,"timestamp":1488295365},{"type":"bid","price":1175,"amount":0.0745,"tid":93313913,"timestamp":1488295361},{"type":"ask","price":1172.424,"amount":0.21772104,"tid":93313910,"timestamp":1488295360},{"type":"ask","price":1175.885,"amount":1.76216673,"tid":93313906,"timestamp":1488295348},{"type":"ask","price":1175.886,"amount":0.01326677,"tid":93313905,"timestamp":1488295348},{"type":"bid","price":1175.887,"amount":0.12570132,"tid":93313904,"timestamp":1488295348},{"type":"bid","price":1175.887,"amount":0.01,"tid":93313896,"timestamp":1488295339},{"type":"ask","price":1175.885,"amount":0.064,"tid":93313895,"timestamp":1488295337},{"type":"bid","price":1175.885,"amount":1.17383327,"tid":93313894,"timestamp":1488295337},{"type":"bid","price":1175.885,"amount":0.014567,"tid":93313893,"timestamp":1488295335},{"type":"ask","price":1172.416,"amount":0.00001639,"tid":93313889,"timestamp":1488295331},{"type":"ask","price":1172.417,"amount":0.62298361,"tid":93313888,"timestamp":1488295331},{"type":"bid","price":1175.885,"amount":0.030741,"tid":93313887,"timestamp":1488295330},{"type":"ask","price":1172.402,"amount":0.01,"tid":93313879,"timestamp":1488295299},{"type":"ask","price":1172.402,"amount":0.011,"tid":93313876,"timestamp":1488295297},{"type":"ask","price":1172.401,"amount":0.011,"tid":93313872,"timestamp":1488295296},{"type":"bid","price":1175.885,"amount":0.02707417,"tid":93313856,"timestamp":1488295288},{"type":"bid","price":1175.885,"amount":0.02863061,"tid":93313855,"timestamp":1488295288},{"type":"bid","price":1175.885,"amount":0.06281295,"tid":93313854,"timestamp":1488295287},{"type":"bid","price":1175.885,"amount":0.023377,"tid":93313838,"timestamp":1488295273},{"type":"bid","price":1175.885,"amount":0.079766,"tid":93313837,"timestamp":1488295272},{"type":"bid","price":1175.885,"amount":0.031558,"tid":93313836,"timestamp":1488295267},{"type":"bid","price":1175.885,"amount":0.04126,"tid":93313834,"timestamp":1488295263},{"type":"bid","price":1175.885,"amount":0.05,"tid":93313830,"timestamp":1488295260},{"type":"ask","price":1172.379,"amount":0.04115491,"tid":93313823,"timestamp":1488295248},{"type":"ask","price":1172.38,"amount":0.00852965,"tid":93313822,"timestamp":1488295248},{"type":"ask","price":1172.379,"amount":0.01815819,"tid":93313819,"timestamp":1488295246},{"type":"ask","price":1172.376,"amount":0.009,"tid":93313818,"timestamp":1488295241},{"type":"ask","price":1172.361,"amount":0.11503924,"tid":93313793,"timestamp":1488295201},{"type":"bid","price":1175.887,"amount":0.01,"tid":93313792,"timestamp":1488295189},{"type":"ask","price":1172.357,"amount":0.25543572,"tid":93313788,"timestamp":1488295188},{"type":"ask","price":1173.5,"amount":0.01174652,"tid":93313787,"timestamp":1488295188},{"type":"ask","price":1174.1,"amount":0.04112576,"tid":93313786,"timestamp":1488295188},{"type":"bid","price":1175.887,"amount":0.065249,"tid":93313784,"timestamp":1488295174},{"type":"ask","price":1174.1,"amount":0.01,"tid":93313776,"timestamp":1488295136},{"type":"bid","price":1175.887,"amount":0.001,"tid":93313775,"timestamp":1488295134},{"type":"bid","price":1175.888,"amount":0.25384,"tid":93313769,"timestamp":1488295105},{"type":"ask","price":1174.1,"amount":0.50600137,"tid":93313768,"timestamp":1488295103},{"type":"bid","price":1175.888,"amount":0.02414717,"tid":93313765,"timestamp":1488295094},{"type":"ask","price":1174.1,"amount":0.01395418,"tid":93313764,"timestamp":1488295091},{"type":"bid","price":1175.888,"amount":0.072371,"tid":93313763,"timestamp":1488295088},{"type":"bid","price":1175.888,"amount":0.023021,"tid":93313762,"timestamp":1488295076},{"type":"ask","price":1174.1,"amount":0.03691869,"tid":93313759,"timestamp":1488295061},{"type":"ask","price":1174.188,"amount":0.02006131,"tid":93313758,"timestamp":1488295061},{"type":"ask","price":1174.188,"amount":0.0104,"tid":93313757,"timestamp":1488295061},{"type":"ask","price":1174.188,"amount":0.0058,"tid":93313756,"timestamp":1488295061},{"type":"bid","price":1175.888,"amount":0.005,"tid":93313755,"timestamp":1488295058},{"type":"bid","price":1175.9,"amount":0.05,"tid":93313753,"timestamp":1488295056},{"type":"bid","price":1175.9,"amount":0.011,"tid":93313749,"timestamp":1488295042},{"type":"ask","price":1174.188,"amount":0.0046,"tid":93313748,"timestamp":1488295042},{"type":"ask","price":1174.188,"amount":0.0054,"tid":93313747,"timestamp":1488295042},{"type":"bid","price":1175.9,"amount":0.07594019,"tid":93313745,"timestamp":1488295027},{"type":"ask","price":1175.9,"amount":0.74224413,"tid":93313741,"timestamp":1488295019},{"type":"bid","price":1178.88,"amount":0.05721368,"tid":93313737,"timestamp":1488295000},{"type":"bid","price":1178,"amount":0.06693879,"tid":93313736,"timestamp":1488295000},{"type":"bid","price":1178,"amount":0.00618821,"tid":93313735,"timestamp":1488294999},{"type":"ask","price":1175.9,"amount":0.01,"tid":93313729,"timestamp":1488294991},{"type":"ask","price":1175.9,"amount":0.01560173,"tid":93313725,"timestamp":1488294991},{"type":"bid","price":1177.999,"amount":0.05795917,"tid":93313721,"timestamp":1488294987},{"type":"bid","price":1177.999,"amount":0.10064782,"tid":93313720,"timestamp":1488294987},{"type":"ask","price":1175.9,"amount":0.1,"tid":93313718,"timestamp":1488294986},{"type":"bid","price":1178,"amount":0.809773,"tid":93313716,"timestamp":1488294973},{"type":"ask","price":1175.9,"amount":0.85,"tid":93313702,"timestamp":1488294968},{"type":"ask","price":1177,"amount":0.012809,"tid":93313700,"timestamp":1488294959},{"type":"bid","price":1178.899,"amount":0.057318,"tid":93313687,"timestamp":1488294901},{"type":"bid","price":1175.949,"amount":0.001,"tid":93313686,"timestamp":1488294901},{"type":"bid","price":1175.9,"amount":0.001,"tid":93313685,"timestamp":1488294901},{"type":"ask","price":1174.188,"amount":0.001,"tid":93313683,"timestamp":1488294899},{"type":"ask","price":1174.188,"amount":0.004,"tid":93313681,"timestamp":1488294898},{"type":"ask","price":1175.949,"amount":0.001,"tid":93313680,"timestamp":1488294896},{"type":"bid","price":1178.899,"amount":0.00629937,"tid":93313679,"timestamp":1488294875},{"type":"bid","price":1178.899,"amount":0.36258432,"tid":93313677,"timestamp":1488294865},{"type":"bid","price":1178.897,"amount":0.02002122,"tid":93313676,"timestamp":1488294865},{"type":"bid","price":1178.895,"amount":0.09645477,"tid":93313675,"timestamp":1488294865},{"type":"bid","price":1178.894,"amount":0.00850808,"tid":93313674,"timestamp":1488294865},{"type":"bid","price":1178.894,"amount":0.00850808,"tid":93313673,"timestamp":1488294865},{"type":"bid","price":1178.894,"amount":0.00850808,"tid":93313672,"timestamp":1488294865},{"type":"bid","price":1178.894,"amount":0.00850808,"tid":93313671,"timestamp":1488294865},{"type":"bid","price":1178.894,"amount":0.00850808,"tid":93313670,"timestamp":1488294865},{"type":"bid","price":1178.894,"amount":0.00850808,"tid":93313669,"timestamp":1488294865},{"type":"bid","price":1178.199,"amount":0.0104,"tid":93313668,"timestamp":1488294865},{"type":"bid","price":1178.198,"amount":0.00851315,"tid":93313667,"timestamp":1488294865},{"type":"bid","price":1178.198,"amount":0.00851318,"tid":93313666,"timestamp":1488294865},{"type":"bid","price":1178.198,"amount":0.00851318,"tid":93313665,"timestamp":1488294865},{"type":"bid","price":1178.198,"amount":0.00851318,"tid":93313664,"timestamp":1488294865},{"type":"bid","price":1178.198,"amount":0.00851318,"tid":93313663,"timestamp":1488294865},{"type":"bid","price":1178.198,"amount":0.00851318,"tid":93313662,"timestamp":1488294865},{"type":"bid","price":1178.198,"amount":0.00851318,"tid":93313661,"timestamp":1488294865},{"type":"bid","price":1178.022,"amount":0.0104,"tid":93313660,"timestamp":1488294865},{"type":"bid","price":1178,"amount":0.2,"tid":93313659,"timestamp":1488294865},{"type":"bid","price":1178,"amount":0.604,"tid":93313658,"timestamp":1488294865},{"type":"bid","price":1178,"amount":0.0012,"tid":93313657,"timestamp":1488294865},{"type":"bid","price":1177.933,"amount":0.10112625,"tid":93313656,"timestamp":1488294865},{"type":"bid","price":1177,"amount":0.001,"tid":93313655,"timestamp":1488294865},{"type":"bid","price":1176.948,"amount":0.0104,"tid":93313654,"timestamp":1488294865},{"type":"bid","price":1176.926,"amount":0.00465308,"tid":93313653,"timestamp":1488294865},{"type":"bid","price":1176.3,"amount":0.38170765,"tid":93313652,"timestamp":1488294865},{"type":"bid","price":1173.5,"amount":0.085412,"tid":93313651,"timestamp":1488294865},{"type":"bid","price":1173.5,"amount":0.014588,"tid":93313650,"timestamp":1488294863},{"type":"ask","price":1172.331,"amount":0.59572655,"tid":93313646,"timestamp":1488294835},{"type":"ask","price":1173,"amount":0.2816,"tid":93313645,"timestamp":1488294835},{"type":"ask","price":1173.001,"amount":0.62267345,"tid":93313644,"timestamp":1488294835},{"type":"ask","price":1173.001,"amount":0.031199,"tid":93313639,"timestamp":1488294830},{"type":"bid","price":1173.324,"amount":0.20257243,"tid":93313638,"timestamp":1488294819},{"type":"ask","price":1173.001,"amount":0.025,"tid":93313635,"timestamp":1488294815},{"type":"bid","price":1173.324,"amount":0.05,"tid":93313632,"timestamp":1488294807},{"type":"ask","price":1172.315,"amount":0.5,"tid":93313623,"timestamp":1488294785},{"type":"ask","price":1173.324,"amount":0.27242757,"tid":93313621,"timestamp":1488294765},{"type":"ask","price":1173.325,"amount":0.05516251,"tid":93313618,"timestamp":1488294743},{"type":"ask","price":1173.324,"amount":0.22757243,"tid":93313615,"timestamp":1488294729},{"type":"ask","price":1173.5,"amount":0.12445809,"tid":93313614,"timestamp":1488294729},{"type":"ask","price":1173.5,"amount":0.22704772,"tid":93313613,"timestamp":1488294724},{"type":"ask","price":1173.603,"amount":0.073,"tid":93313612,"timestamp":1488294724}]}