{"btc_usd":[{"type":"ask","price":1171.002,"amount":0.005,"tid":93314935,"timestamp":1488296826},{"type":"bid","price":1171.432,"amount":2.07270217,"tid":93314933,"timestamp":1488296822},{"type":"bid","price":1171.432,"amount":0.4680648,"tid":93314927,"timestamp":1488296807},{"type":"bid","price":1171.5,"amount":9,"tid":93314923,"timestamp":1488296795},{"type":"bid","price":1171.5,"amount":0.60401166,"tid":93314921,"timestamp":1488296791},{"type":"ask","price":1171.001,"amount":0.005,"tid":93314918,"timestamp":1488296781},{"type":"bid","price":1171.5,"amount":0.01638825,"tid":93314916,"timestamp":1488296771},{"type":"ask","price":1171.001,"amount":0.295,"tid":93314913,"timestamp":1488296767},{"type":"bid","price":1172,"amount":0.3,"tid":93314904,"timestamp":1488296761},{"type":"bid","price":1171.433,"amount":0.01517416,"tid":93314899,"timestamp":1488296738},{"type":"bid","price":1171.433,"amount":0.0256,"tid":93314895,"timestamp":1488296733},{"type":"ask","price":1171,"amount":0.2318422,"tid":93314894,"timestamp":1488296733},{"type":"ask","price":1171,"amount":0.9,"tid":93314893,"timestamp":1488296732},{"type":"ask","price":1171,"amount":0.03020481,"tid":93314892,"timestamp":1488296732},{"type":"bid","price":1171.433,"amount":0.01,"tid":93314890,"timestamp":1488296722},{"type":"ask","price":1171,"amount":0.33323186,"tid":93314889,"timestamp":1488296717},{"type":"ask","price":1171.051,"amount":0.02430991,"tid":93314888,"timestamp":1488296717},{"type":"ask","price":1171.052,"amount":0.00853933,"tid":93314887,"timestamp":1488296717},{"type":"ask","price":1171.175,"amount":0.015,"tid":93314886,"timestamp":1488296717},{"type":"ask","price":1171.176,"amount":0.00853842,"tid":93314885,"timestamp":1488296717},{"type":"ask","price":1171.253,"amount":0.01070523,"tid":93314884,"timestamp":1488296717},{"type":"ask","price":1171.254,"amount":0.00853785,"tid":93314883,"timestamp":1488296717},{"type":"ask","price":1171.254,"amount":0.00853785,"tid":93314882,"timestamp":1488296717},{"type":"ask","price":1171.405,"amount":0.18,"tid":93314881,"timestamp":1488296717},{"type":"ask","price":1171.406,"amount":0.16,"tid":93314876,"timestamp":1488296713},{"type":"ask","price":1171.406,"amount":0.78606966,"tid":93314875,"timestamp":1488296712},{"type":"ask","price":1171.429,"amount":0.05393034,"tid":93314874,"timestamp":1488296712},{"type":"ask","price":1171.429,"amount":0.1024464,"tid":93314871,"timestamp":1488296707},{"type":"ask","price":1171.429,"amount":0.6972818,"tid":93314870,"timestamp":1488296705},{"type":"ask","price":1171.429,"amount":0.293366,"tid":93314869,"timestamp":1488296705},{"type":"ask","price":1171.429,"amount":0.00077259,"tid":93314868,"timestamp":1488296705},{"type":"ask","price":1171.432,"amount":0.19263738,"tid":93314867,"timestamp":1488296705},{"type":"ask","price":1171.433,"amount":0.21179886,"tid":93314859,"timestamp":1488296690},{"type":"bid","price":1172,"amount":0.0168808,"tid":93314856,"timestamp":1488296686},{"type":"ask","price":1171.433,"amount":0.04918298,"tid":93314853,"timestamp":1488296686},{"type":"bid","price":1172,"amount":0.521205,"tid":93314838,"timestamp":1488296657},{"type":"bid","price":1172,"amount":0.2192,"tid":93314832,"timestamp":1488296655},{"type":"bid","price":1172,"amount":0.68259386,"tid":93314831,"timestamp":1488296644},{"type":"bid","price":1172,"amount":0.1603676,"tid":93314824,"timestamp":1488296628},{"type":"bid","price":1172,"amount":0.01,"tid":93314823,"timestamp":1488296621},{"type":"ask","price":1171.432,"amount":0.00956262,"tid":93314819,"timestamp":1488296614},{"type":"bid","price":1171.77,"amount":0.04,"tid":93314816,"timestamp":1488296597},{"type":"ask","price":1171.432,"amount":0.005,"tid":93314808,"timestamp":1488296577},{"type":"bid","price":1172,"amount":6.5,"tid":93314807,"timestamp":1488296573},{"type":"bid","price":1171.433,"amount":0.09356935,"tid":93314806,"timestamp":1488296571},{"type":"ask","price":1171.432,"amount":0.0928,"tid":93314805,"timestamp":1488296564},{"type":"bid","price":1172,"amount":0.01,"tid":93314804,"timestamp":1488296555},{"type":"ask","price":1171.433,"amount":0.0116,"tid":93314795,"timestamp":1488296541},{"type":"bid","price":1172,"amount":0.015,"tid":93314794,"timestamp":1488296538},{"type":"bid","price":1172,"amount":0.01,"tid":93314788,"timestamp":1488296490},{"type":"ask","price":1171.429,"amount":0.21805653,"tid":93314787,"timestamp":1488296488},{"type":"ask","price":1171.497,"amount":0.011,"tid":93314786,"timestamp":1488296488},{"type":"ask","price":1171.498,"amount":0.00853607,"tid":93314785,"timestamp":1488296488},{"type":"ask","price":1171.506,"amount":0.0028026,"tid":93314784,"timestamp":1488296488},{"type":"ask","price":1171.507,"amount":0.00853601,"tid":93314783,"timestamp":1488296488},{"type":"ask","price":1171.691,"amount":0.00113924,"tid":93314782,"timestamp":1488296488},{"type":"ask","price":1171.694,"amount":0.02479994,"tid":93314781,"timestamp":1488296488},{"type":"ask","price":1171.699,"amount":0.2,"tid":93314780,"timestamp":1488296488},{"type":"ask","price":1171.7,"amount":0.02037455,"tid":93314779,"timestamp":1488296488},{"type":"ask","price":1171.99,"amount":0.007355,"tid":93314778,"timestamp":1488296488},{"type":"bid","price":1172,"amount":0.59837585,"tid":93314777,"timestamp":1488296487},{"type":"bid","price":1171.94,"amount":0.03448164,"tid":93314776,"timestamp":1488296487},{"type":"bid","price":1171.94,"amount":0.011117,"tid":93314775,"timestamp":1488296476},{"type":"bid","price":1171.94,"amount":0.017457,"tid":93314770,"timestamp":1488296462},{"type":"ask","price":1171.694,"amount":0.00000006,"tid":93314769,"timestamp":1488296446},{"type":"ask","price":1171.694,"amount":0.0248,"tid":93314768,"timestamp":1488296446},{"type":"ask","price":1171.695,"amount":0.00769142,"tid":93314767,"timestamp":1488296446},{"type":"ask","price":1171.695,"amount":0.00853464,"tid":93314766,"timestamp":1488296446},{"type":"ask","price":1171.695,"amount":0.00853464,"tid":93314765,"timestamp":1488296446},{"type":"bid","price":1171.94,"amount":0.01,"tid":93314760,"timestamp":1488296429},{"type":"bid","price":1171.94,"amount":0.01602018,"tid":93314758,"timestamp":1488296419},{"type":"ask","price":1171.99,"amount":0.16692418,"tid":93314755,"timestamp":1488296404},{"type":"bid","price":1172,"amount":0.00593752,"tid":93314753,"timestamp":1488296392},{"type":"ask","price":1171.99,"amount":0.0705,"tid":93314752,"timestamp":1488296389},{"type":"bid","price":1171.99,"amount":0.09145582,"tid":93314750,"timestamp":1488296388},{"type":"bid","price":1171.99,"amount":1.50984418,"tid":93314742,"timestamp":1488296386},{"type":"bid","price":1171.94,"amount":0.39208082,"tid":93314741,"timestamp":1488296386},{"type":"ask","price":1171.94,"amount":0.89631418,"tid":93314740,"timestamp":1488296384},{"type":"ask","price":1171.94,"amount":0.064,"tid":93314738,"timestamp":1488296376},{"type":"ask","price":1171.94,"amount":0.316727,"tid":93314729,"timestamp":1488296336},{"type":"ask","price":1171.941,"amount":0.01164229,"tid":93314728,"timestamp":1488296336},{"type":"bid","price":1172,"amount":0.001,"tid":93314722,"timestamp":1488296308},{"type":"ask","price":1171.94,"amount":0.2,"tid":93314721,"timestamp":1488296305},{"type":"bid","price":1172,"amount":1.2457883,"tid":93314720,"timestamp":1488296304},{"type":"ask","price":1171.94,"amount":0.38804968,"tid":93314716,"timestamp":1488296285},{"type":"ask","price":1171.941,"amount":0.3,"tid":93314715,"timestamp":1488296285},{"type":"bid","price":1172,"amount":0.26709635,"tid":93314712,"timestamp":1488296285},{"type":"ask","price":1171.94,"amount":0.3,"tid":93314708,"timestamp":1488296274},{"type":"bid","price":1172,"amount":0.01,"tid":93314706,"timestamp":1488296258},{"type":"bid","price":1172,"amount":0.086,"tid":93314705,"timestamp":1488296257},{"type":"ask","price":1171.942,"amount":0.4,"tid":93314704,"timestamp":1488296257},{"type":"bid","price":1172,"amount":1.05336847,"tid":93314703,"timestamp":1488296256},{"type":"bid","price":1171.99,"amount":0.00442318,"tid":93314702,"timestamp":1488296256},{"type":"ask","price":1171.94,"amount":0.22,"tid":93314693,"timestamp":1488296240},{"type":"bid","price":1172,"amount":0.39620941,"tid":93314692,"timestamp":1488296233},{"type":"bid","price":1172,"amount":0.20339816,"tid":93314686,"timestamp":1488296224},{"type":"ask","price":1171.94,"amount":0.61490914,"tid":93314682,"timestamp":1488296217},{"type":"ask","price":1171.941,"amount":0.02352454,"tid":93314681,"timestamp":1488296217},{"type":"ask","price":1171.99,"amount":0.06,"tid":93314680,"timestamp":1488296217},{"type":"bid","price":1172,"amount":0.4266922,"tid":93314679,"timestamp":1488296217},{"type":"bid","price":1172,"amount":0.051102,"tid":93314678,"timestamp":1488296205},{"type":"bid","price":1172,"amount":0.3,"tid":93314675,"timestamp":1488296201},{"type":"bid","price":1172,"amount":0.14,"tid":93314674,"timestamp":1488296196},{"type":"bid","price":1172,"amount":0.23767213,"tid":93314670,"timestamp":1488296178},{"type":"bid","price":1172,"amount":0.03,"tid":93314658,"timestamp":1488296169},{"type":"bid","price":1172,"amount":0.01,"tid":93314657,"timestamp":1488296169},{"type":"bid","price":1172,"amount":0.01,"tid":93314656,"timestamp":1488296169},{"type":"bid","price":1172,"amount":0.21,"tid":93314655,"timestamp":1488296168},{"type":"bid","price":1172,"amount":0.18991026,"tid":93314654,"timestamp":1488296168},{"type":"bid","price":1172,"amount":0.01,"tid":93314650,"timestamp":1488296167},{"type":"bid","price":1172,"amount":0.46475249,"tid":93314649,"timestamp":1488296167},{"type":"ask","price":1172,"amount":10,"tid":93314647,"timestamp":1488296167},{"type":"ask","price":1172,"amount":0.01,"tid":93314646,"timestamp":1488296167},{"type":"ask","price":1172,"amount":0.001,"tid":93314645,"timestamp":1488296167},{"type":"ask","price":1172,"amount":0.05870307,"tid":93314644,"timestamp":1488296167},{"type":"ask","price":1172,"amount":0.00853242,"tid":93314643,"timestamp":1488296167},{"type":"ask","price":1172,"amount":0.05683369,"tid":93314642,"timestamp":1488296167},{"type":"ask","price":1172,"amount":0.01,"tid":93314641,"timestamp":1488296167},{"type":"ask","price":1172.004,"amount":1.003,"tid":93314640,"timestamp":1488296167},{"type":"ask","price":1172.005,"amount":0.00853238,"tid":93314639,"timestamp":1488296167},{"type":"ask","price":1172.152,"amount":3,"tid":93314638,"timestamp":1488296167},{"type":"ask","price":1172.153,"amount":0.0085313,"tid":93314637,"timestamp":1488296167},{"type":"ask","price":1172.246,"amount":2.36881397,"tid":93314636,"timestamp":1488296167},{"type":"ask","price":1172.3,"amount":0.00853023,"tid":93314635,"timestamp":1488296167},{"type":"ask","price":1172.3,"amount":1,"tid":93314634,"timestamp":1488296167},{"type":"ask","price":1172.301,"amount":0.00853023,"tid":93314633,"timestamp":1488296167},{"type":"ask","price":1172.301,"amount":0.00853023,"tid":93314632,"timestamp":1488296167},{"type":"ask","price":1172.301,"amount":0.00851317,"tid":93314631,"timestamp":1488296167},{"type":"ask","price":1172.464,"amount":0.00852904,"tid":93314630,"timestamp":1488296167},{"type":"ask","price":1172.467,"amount":0.00852902,"tid":93314629,"timestamp":1488296167},{"type":"ask","price":1173,"amount":0.00587297,"tid":93314628,"timestamp":1488296167},{"type":"ask","price":1173,"amount":1.5,"tid":93314627,"timestamp":1488296167},{"type":"ask","price":1173.002,"amount":1.7672845,"tid":93314626,"timestamp":1488296167},{"type":"bid","price":1174.98,"amount":0.05267,"tid":93314618,"timestamp":1488296163},{"type":"bid","price":1174.98,"amount":0.00474858,"tid":93314598,"timestamp":1488296137},{"type":"bid","price":1174.98,"amount":0.01,"tid":93314596,"timestamp":1488296136},{"type":"bid","price":1174.98,"amount":0.01,"tid":93314593,"timestamp":1488296135},{"type":"ask","price":1173.002,"amount":1,"tid":93314583,"timestamp":1488296113},{"type":"bid","price":1175,"amount":0.035,"tid":93314580,"timestamp":1488296107},{"type":"ask","price":1173.002,"amount":0.05272538,"tid":93314577,"timestamp":1488296104},{"type":"bid","price":1175,"amount":0.001,"tid":93314572,"timestamp":1488296099},{"type":"bid","price":1175,"amount":0.45565056,"tid":93314570,"timestamp":1488296089},{"type":"ask","price":1173.002,"amount":0.03024185,"tid":93314561,"timestamp":1488296058},{"type":"ask","price":1173.002,"amount":0.21837994,"tid":93314558,"timestamp":1488296050},{"type":"ask","price":1173.1,"amount":0.27739101,"tid":93314556,"timestamp":1488296050},{"type":"ask","price":1173.1,"amount":0.02114542,"tid":93314550,"timestamp":1488296043},{"type":"ask","price":1173.1,"amount":0.02612815,"tid":93314546,"timestamp":1488296042},{"type":"ask","price":1173.1,"amount":0.05414245,"tid":93314541,"timestamp":1488296035},{"type":"ask","price":1173.002,"amount":0.32082392,"tid":93314539,"timestamp":1488296022},{"type":"ask","price":1173.002,"amount":0.00350051,"tid":93314535,"timestamp":1488296001}]}