{"btc_usd":[{"type":"bid","price":1178.595,"amount":0.18725046,"tid":93315418,"timestamp":1488297422},{"type":"bid","price":1178.595,"amount":0.11274954,"tid":93315415,"timestamp":1488297419},{"type":"bid","price":1178.595,"amount":0.01980565,"tid":93315414,"timestamp":1488297419},{"type":"bid","price":1178.594,"amount":0.00851527,"tid":93315413,"timestamp":1488297419},{"type":"bid","price":1178.594,"amount":0.00851527,"tid":93315412,"timestamp":1488297419},{"type":"bid","price":1178.594,"amount":0.00851527,"tid":93315411,"timestamp":1488297419},{"type":"bid","price":1176.705,"amount":0.0104,"tid":93315410,"timestamp":1488297418},{"type":"ask","price":1172.01,"amount":0.16533033,"tid":93315409,"timestamp":1488297406},{"type":"ask","price":1172.011,"amount":0.00853234,"tid":93315408,"timestamp":1488297406},{"type":"ask","price":1172.011,"amount":0.00853234,"tid":93315407,"timestamp":1488297406},{"type":"ask","price":1172.011,"amount":0.00853234,"tid":93315406,"timestamp":1488297406},{"type":"ask","price":1173.391,"amount":0.0104,"tid":93315405,"timestamp":1488297406},{"type":"ask","price":1176.693,"amount":0.09867265,"tid":93315404,"timestamp":1488297406},{"type":"bid","price":1178.595,"amount":0.0046729,"tid":93315403,"timestamp":1488297397},{"type":"bid","price":1178.594,"amount":0.00851316,"tid":93315402,"timestamp":1488297396},{"type":"bid","price":1178.594,"amount":0.00851249,"tid":93315401,"timestamp":1488297396},{"type":"bid","price":1178.594,"amount":0.0038474,"tid":93315400,"timestamp":1488297396},{"type":"bid","price":1178.099,"amount":0.0596,"tid":93315399,"timestamp":1488297396},{"type":"bid","price":1176.693,"amount":0.0054,"tid":93315396,"timestamp":1488297388},{"type":"bid","price":1176.693,"amount":0.005,"tid":93315393,"timestamp":1488297384},{"type":"ask","price":1172,"amount":0.005,"tid":93315388,"timestamp":1488297370},{"type":"ask","price":1172,"amount":0.03976327,"tid":93315387,"timestamp":1488297369},{"type":"ask","price":1172.003,"amount":0.13265616,"tid":93315386,"timestamp":1488297369},{"type":"ask","price":1172.004,"amount":0.01718057,"tid":93315385,"timestamp":1488297369},{"type":"ask","price":1173.391,"amount":0.0104,"tid":93315384,"timestamp":1488297369},{"type":"ask","price":1172.004,"amount":0.02852413,"tid":93315378,"timestamp":1488297345},{"type":"ask","price":1177.009,"amount":0.31922936,"tid":93315373,"timestamp":1488297342},{"type":"ask","price":1177.009,"amount":0.18077064,"tid":93315372,"timestamp":1488297342},{"type":"bid","price":1178.594,"amount":0.00466458,"tid":93315371,"timestamp":1488297340},{"type":"bid","price":1178.594,"amount":0.00851316,"tid":93315370,"timestamp":1488297340},{"type":"bid","price":1178.594,"amount":0.00851259,"tid":93315369,"timestamp":1488297340},{"type":"bid","price":1178.594,"amount":0.00851316,"tid":93315368,"timestamp":1488297340},{"type":"bid","price":1178.592,"amount":0.00851196,"tid":93315367,"timestamp":1488297340},{"type":"bid","price":1178.1,"amount":0.607,"tid":93315366,"timestamp":1488297340},{"type":"bid","price":1178.099,"amount":0.0596,"tid":93315365,"timestamp":1488297340},{"type":"bid","price":1178.099,"amount":0.00852077,"tid":93315364,"timestamp":1488297340},{"type":"bid","price":1178.099,"amount":0.00851893,"tid":93315363,"timestamp":1488297340},{"type":"bid","price":1178.099,"amount":0.00851757,"tid":93315362,"timestamp":1488297340},{"type":"bid","price":1178.099,"amount":0.00851757,"tid":93315361,"timestamp":1488297340},{"type":"bid","price":1178.099,"amount":0.00851531,"tid":93315360,"timestamp":1488297340},{"type":"bid","price":1178.099,"amount":0.00851535,"tid":93315359,"timestamp":1488297339},{"type":"bid","price":1178.098,"amount":0.00851423,"tid":93315358,"timestamp":1488297339},{"type":"bid","price":1178.097,"amount":0.00852077,"tid":93315357,"timestamp":1488297339},{"type":"bid","price":1178.097,"amount":0.00851899,"tid":93315356,"timestamp":1488297339},{"type":"bid","price":1177.871,"amount":0.00851726,"tid":93315355,"timestamp":1488297339},{"type":"bid","price":1177.116,"amount":0.0104,"tid":93315354,"timestamp":1488297339},{"type":"bid","price":1177.072,"amount":0.0048176,"tid":93315353,"timestamp":1488297339},{"type":"bid","price":1177.052,"amount":0.00852134,"tid":93315352,"timestamp":1488297339},{"type":"bid","price":1177.052,"amount":0.0104,"tid":93315351,"timestamp":1488297339},{"type":"bid","price":1177.009,"amount":0.05416886,"tid":93315350,"timestamp":1488297339},{"type":"bid","price":1172.04,"amount":0.011,"tid":93315327,"timestamp":1488297314},{"type":"bid","price":1174.999,"amount":0.001,"tid":93315312,"timestamp":1488297298},{"type":"bid","price":1174.999,"amount":0.001,"tid":93315311,"timestamp":1488297298},{"type":"bid","price":1174.999,"amount":0.004,"tid":93315310,"timestamp":1488297297},{"type":"bid","price":1174.999,"amount":0.001,"tid":93315309,"timestamp":1488297297},{"type":"bid","price":1174.92,"amount":0.001,"tid":93315308,"timestamp":1488297297},{"type":"bid","price":1174.92,"amount":0.001,"tid":93315307,"timestamp":1488297297},{"type":"ask","price":1172.004,"amount":0.001,"tid":93315306,"timestamp":1488297296},{"type":"ask","price":1172.003,"amount":0.07,"tid":93315305,"timestamp":1488297283},{"type":"bid","price":1177.009,"amount":0.005,"tid":93315301,"timestamp":1488297266},{"type":"bid","price":1177.009,"amount":0.04355589,"tid":93315295,"timestamp":1488297252},{"type":"bid","price":1176.5,"amount":0.01780348,"tid":93315294,"timestamp":1488297252},{"type":"ask","price":1172,"amount":0.01358609,"tid":93315292,"timestamp":1488297243},{"type":"ask","price":1172.001,"amount":0.01434928,"tid":93315291,"timestamp":1488297243},{"type":"bid","price":1176.5,"amount":0.01,"tid":93315287,"timestamp":1488297234},{"type":"ask","price":1176.5,"amount":0.00219652,"tid":93315260,"timestamp":1488297198},{"type":"bid","price":1174.999,"amount":0.00790348,"tid":93315257,"timestamp":1488297188},{"type":"bid","price":1174.999,"amount":0.0101,"tid":93315255,"timestamp":1488297188},{"type":"ask","price":1172,"amount":0.00396644,"tid":93315253,"timestamp":1488297186},{"type":"ask","price":1172,"amount":0.011,"tid":93315250,"timestamp":1488297186},{"type":"ask","price":1172,"amount":0.00397673,"tid":93315249,"timestamp":1488297186},{"type":"ask","price":1172,"amount":0.011,"tid":93315244,"timestamp":1488297186},{"type":"ask","price":1171.005,"amount":3.72915886,"tid":93315234,"timestamp":1488297164},{"type":"ask","price":1171.005,"amount":0.34441419,"tid":93315232,"timestamp":1488297159},{"type":"ask","price":1171.005,"amount":0.34441419,"tid":93315231,"timestamp":1488297158},{"type":"ask","price":1171.005,"amount":0.74885739,"tid":93315230,"timestamp":1488297158},{"type":"ask","price":1171.006,"amount":0.01171814,"tid":93315229,"timestamp":1488297158},{"type":"ask","price":1171.005,"amount":0.21905448,"tid":93315223,"timestamp":1488297156},{"type":"ask","price":1171.005,"amount":0.60994893,"tid":93315220,"timestamp":1488297155},{"type":"ask","price":1171.005,"amount":0.34324587,"tid":93315219,"timestamp":1488297155},{"type":"ask","price":1171.005,"amount":0.81144769,"tid":93315218,"timestamp":1488297154},{"type":"ask","price":1171.005,"amount":1,"tid":93315217,"timestamp":1488297154},{"type":"ask","price":1171.005,"amount":0.81144769,"tid":93315215,"timestamp":1488297154},{"type":"ask","price":1171.3,"amount":0.77132717,"tid":93315211,"timestamp":1488297153},{"type":"ask","price":1171.3,"amount":1.17391284,"tid":93315210,"timestamp":1488297153},{"type":"ask","price":1172,"amount":0.80322394,"tid":93315209,"timestamp":1488297153},{"type":"ask","price":1172,"amount":0.28115639,"tid":93315208,"timestamp":1488297153},{"type":"ask","price":1172,"amount":0.02838264,"tid":93315207,"timestamp":1488297153},{"type":"ask","price":1172,"amount":0.04679281,"tid":93315206,"timestamp":1488297153},{"type":"ask","price":1172,"amount":0.10174684,"tid":93315205,"timestamp":1488297153},{"type":"ask","price":1172,"amount":3.09316141,"tid":93315188,"timestamp":1488297152},{"type":"ask","price":1172,"amount":0.00394892,"tid":93315186,"timestamp":1488297151},{"type":"bid","price":1174.999,"amount":0.00722,"tid":93315185,"timestamp":1488297151},{"type":"ask","price":1172,"amount":0.50147163,"tid":93315171,"timestamp":1488297149},{"type":"ask","price":1173,"amount":4.49852837,"tid":93315170,"timestamp":1488297149},{"type":"ask","price":1173,"amount":0.12547498,"tid":93315167,"timestamp":1488297144},{"type":"ask","price":1174.999,"amount":0.00477652,"tid":93315123,"timestamp":1488297141},{"type":"bid","price":1177.009,"amount":0.02017525,"tid":93315122,"timestamp":1488297137},{"type":"bid","price":1177,"amount":0.001,"tid":93315121,"timestamp":1488297137},{"type":"bid","price":1176.999,"amount":0.00852225,"tid":93315120,"timestamp":1488297137},{"type":"bid","price":1176.91,"amount":0.0125,"tid":93315119,"timestamp":1488297137},{"type":"ask","price":1174.999,"amount":0.0399911,"tid":93315110,"timestamp":1488297126},{"type":"ask","price":1174.999,"amount":0.01307776,"tid":93315104,"timestamp":1488297125},{"type":"ask","price":1174.999,"amount":0.01993504,"tid":93315103,"timestamp":1488297125},{"type":"ask","price":1174.999,"amount":0.16,"tid":93315102,"timestamp":1488297125},{"type":"ask","price":1174.999,"amount":0.06,"tid":93315101,"timestamp":1488297125},{"type":"bid","price":1174.999,"amount":0.22221958,"tid":93315097,"timestamp":1488297123},{"type":"bid","price":1172.001,"amount":2.3254072,"tid":93315095,"timestamp":1488297119},{"type":"bid","price":1172.001,"amount":0.017,"tid":93315094,"timestamp":1488297118},{"type":"ask","price":1172,"amount":0.02471559,"tid":93315092,"timestamp":1488297117},{"type":"bid","price":1172.001,"amount":0.394,"tid":93315087,"timestamp":1488297115},{"type":"ask","price":1172,"amount":0.20929983,"tid":93315082,"timestamp":1488297112},{"type":"ask","price":1172.001,"amount":0.0165928,"tid":93315080,"timestamp":1488297111},{"type":"bid","price":1174.999,"amount":0.06582985,"tid":93315079,"timestamp":1488297110},{"type":"bid","price":1174.999,"amount":0.09,"tid":93315072,"timestamp":1488297084},{"type":"ask","price":1171.007,"amount":0.00318141,"tid":93315048,"timestamp":1488297050},{"type":"ask","price":1171.007,"amount":0.00320277,"tid":93315046,"timestamp":1488297050},{"type":"ask","price":1171.007,"amount":0.001,"tid":93315019,"timestamp":1488296999},{"type":"ask","price":1171.007,"amount":0.001,"tid":93315018,"timestamp":1488296996},{"type":"bid","price":1172,"amount":0.46918338,"tid":93315015,"timestamp":1488296981},{"type":"ask","price":1171.004,"amount":1,"tid":93315010,"timestamp":1488296967},{"type":"ask","price":1171.004,"amount":0.00928785,"tid":93315006,"timestamp":1488296962},{"type":"ask","price":1171.004,"amount":0.01557086,"tid":93315004,"timestamp":1488296961},{"type":"ask","price":1171.004,"amount":0.01,"tid":93315002,"timestamp":1488296960},{"type":"ask","price":1171.004,"amount":0.01,"tid":93314999,"timestamp":1488296959},{"type":"ask","price":1171.004,"amount":0.00848444,"tid":93314996,"timestamp":1488296958},{"type":"ask","price":1171.005,"amount":0.00151556,"tid":93314995,"timestamp":1488296958},{"type":"ask","price":1171.005,"amount":0.01,"tid":93314991,"timestamp":1488296956},{"type":"ask","price":1171.004,"amount":0.01,"tid":93314986,"timestamp":1488296949},{"type":"ask","price":1171.004,"amount":0.00267278,"tid":93314981,"timestamp":1488296947},{"type":"ask","price":1171.004,"amount":2.31826697,"tid":93314975,"timestamp":1488296944},{"type":"ask","price":1171.432,"amount":0.05596697,"tid":93314974,"timestamp":1488296944},{"type":"ask","price":1171.5,"amount":0.00003303,"tid":93314973,"timestamp":1488296944},{"type":"bid","price":1171.5,"amount":14.50419577,"tid":93314970,"timestamp":1488296938},{"type":"bid","price":1171.432,"amount":0.00003303,"tid":93314969,"timestamp":1488296936},{"type":"ask","price":1171.004,"amount":0.2017783,"tid":93314967,"timestamp":1488296922},{"type":"ask","price":1171.004,"amount":0.03167433,"tid":93314966,"timestamp":1488296922},{"type":"bid","price":1171.432,"amount":0.0492,"tid":93314961,"timestamp":1488296920},{"type":"bid","price":1171.432,"amount":0.005,"tid":93314954,"timestamp":1488296903},{"type":"bid","price":1171.004,"amount":0.05022567,"tid":93314953,"timestamp":1488296899},{"type":"bid","price":1171.004,"amount":0.03170325,"tid":93314951,"timestamp":1488296893},{"type":"bid","price":1171.004,"amount":0.02,"tid":93314950,"timestamp":1488296885},{"type":"ask","price":1171.004,"amount":0.01330307,"tid":93314948,"timestamp":1488296884},{"type":"bid","price":1171.432,"amount":0.005,"tid":93314944,"timestamp":1488296879},{"type":"ask","price":1171.002,"amount":0.005,"tid":93314935,"timestamp":1488296826},{"type":"bid","price":1171.432,"amount":2.07270217,"tid":93314933,"timestamp":1488296822},{"type":"bid","price":1171.432,"amount":0.4680648,"tid":93314927,"timestamp":1488296807},{"type":"bid","price":1171.5,"amount":9,"tid":93314923,"timestamp":1488296795},{"type":"bid","price":1171.5,"amount":0.60401166,"tid":93314921,"timestamp":1488296791},{"type":"ask","price":1171.001,"amount":0.005,"tid":93314918,"timestamp":1488296781}]}