[
  {
    "date": 1488297654,
    "date_ms": 1488297654199,
    "price": 1185.5200,
    "amount": 0.01560,
    "type": "sell",
    "tid": "863309"
  },
  {
    "date": 1488297634,
    "date_ms": 1488297634086,
    "price": 1185.2800,
    "amount": 0.03760,
    "type": "buy",
    "tid": "863308"
  },
  {
    "date": 1488297597,
    "date_ms": 1488297597044,
    "price": 1184.5100,
    "amount": 0.01350,
    "type": "buy",
    "tid": "863307"
  },
  {
    "date": 1488297577,
    "date_ms": 1488297577779,
    "price": 1184.9400,
    "amount": 0.01340,
    "type": "buy",
    "tid": "863306"
  },
  {
    "date": 1488297533,
    "date_ms": 1488297533920,
    "price": 1184.9500,
    "amount": 0.00580,
    "type": "buy",
    "tid": "863304"
  },
  {
    "date": 1488297505,
    "date_ms": 1488297505561,
    "price": 1185.4900,
    "amount": 0.01280,
    "type": "sell",
    "tid": "863303"
  },
  {
    "date": 1488297466,
    "date_ms": 1488297466233,
    "price": 1185.7700,
    "amount": 0.00510,
    "type": "sell",
    "tid": "863301"
  },
  {
    "date": 1488297424,
    "date_ms": 1488297424703,
    "price": 1184.1400,
    "amount": 0.01210,
    "type": "buy",
    "tid": "863300"
  },
  {
    "date": 1488297400,
    "date_ms": 1488297400859,
    "price": 1184.2600,
    "amount": 0.00450,
    "type": "buy",
    "tid": "863299"
  },
  {
    "date": 1488297359,
    "date_ms": 1488297359641,
    "price": 1183.7700,
    "amount": 0.01140,
    "type": "buy",
    "tid": "863297"
  },
  {
    "date": 1488297333,
    "date_ms": 1488297333564,
    "price": 1185.2000,
    "amount": 0.00380,
    "type": "sell",
    "tid": "863296"
  },
  {
    "date": 1488297315,
    "date_ms": 1488297315939,
    "price": 1184.7600,
    "amount": 0.01080,
    "type": "sell",
    "tid": "863295"
  },
  {
    "date": 1488297273,
    "date_ms": 1488297273752,
    "price": 1185.4500,
    "amount": 0.00320,
    "type": "sell",
    "tid": "863293"
  },
  {
    "date": 1488297239,
    "date_ms": 1488297239971,
    "price": 1184.7400,
    "amount": 0.01010,
    "type": "buy",
    "tid": "863292"
  },
  {
    "date": 1488297205,
    "date_ms": 1488297205425,
    "price": 1184.2400,
    "amount": 0.00250,
    "type": "buy",
    "tid": "863290"
  },
  {
    "date": 1488297170,
    "date_ms": 1488297170457,
    "price": 1184.8200,
    "amount": 0.00950,
    "type": "sell",
    "tid": "863289"
  },
  {
    "date": 1488297131,
    "date_ms": 1488297131223,
    "price": 1184.9000,
    "amount": 0.00190,
    "type": "sell",
    "tid": "863288"
  },
  {
    "date": 1488297093,
    "date_ms": 1488297093317,
    "price": 1184.7200,
    "amount": 0.00880,
    "type": "sell",
    "tid": "863286"
  },
  {
    "date": 1488297068,
    "date_ms": 1488297068036,
    "price": 1185.0100,
    "amount": 0.00120,
    "type": "sell",
    "tid": "863285"
  },
  {
    "date": 1488297030,
    "date_ms": 1488297030740,
    "price": 1184.9400,
    "amount": 0.00820,
    "type": "sell",
    "tid": "863283"
  },
  {
    "date": 1488296947,
    "date_ms": 1488296947757,
    "price": 1184.3100,
    "amount": 0.00750,
    "type": "buy",
    "tid": "863282"
  },
  {
    "date": 1488296904,
    "date_ms": 1488296904992,
    "price": 1184.1700,
    "amount": 0.01450,
    "type": "buy",
    "tid": "863280"
  },
  {
    "date": 1488296878,
    "date_ms": 1488296878180,
    "price": 1184.1800,
    "amount": 0.00690,
    "type": "buy",
    "tid": "863279"
  },
  {
    "date": 1488296841,
    "date_ms": 1488296841087,
    "price": 1184.7100,
    "amount": 0.01380,
    "type": "sell",
    "tid": "863277"
  },
  {
    "date": 1488296817,
    "date_ms": 1488296817212,
    "price": 1185.3200,
    "amount": 0.00620,
    "type": "sell",
    "tid": "863276"
  },
  {
    "date": 1488296783,
    "date_ms": 1488296783806,
    "price": 1183.8000,
    "amount": 0.01320,
    "type": "sell",
    "tid": "863275"
  },
  {
    "date": 1488296757,
    "date_ms": 1488296757510,
    "price": 1184.9700,
    "amount": 0.00560,
    "type": "sell",
    "tid": "863273"
  },
  {
    "date": 1488296734,
    "date_ms": 1488296734026,
    "price": 1183.7000,
    "amount": 0.01250,
    "type": "buy",
    "tid": "863272"
  },
  {
    "date": 1488296701,
    "date_ms": 1488296701933,
    "price": 1185.0900,
    "amount": 0.00490,
    "type": "sell",
    "tid": "863271"
  },
  {
    "date": 1488296662,
    "date_ms": 1488296662449,
    "price": 1183.6300,
    "amount": 0.01190,
    "type": "buy",
    "tid": "863269"
  },
  {
    "date": 1488296623,
    "date_ms": 1488296623356,
    "price": 1184.3400,
    "amount": 0.00430,
    "type": "buy",
    "tid": "863268"
  },
  {
    "date": 1488296602,
    "date_ms": 1488296602793,
    "price": 1185.3900,
    "amount": 0.01120,
    "type": "sell",
    "tid": "863267"
  },
  {
    "date": 1488296579,
    "date_ms": 1488296579419,
    "price": 1182.8500,
    "amount": 0.00260,
    "type": "buy",
    "tid": "863266"
  },
  {
    "date": 1488296537,
    "date_ms": 1488296537435,
    "price": 1183.7900,
    "amount": 0.00110,
    "type": "sell",
    "tid": "863264"
  },
  {
    "date": 1488296493,
    "date_ms": 1488296493670,
    "price": 1183.7100,
    "amount": 0.00240,
    "type": "buy",
    "tid": "863263"
  },
  {
    "date": 1488296473,
    "date_ms": 1488296473545,
    "price": 1184.5500,
    "amount": 0.00100,
    "type": "sell",
    "tid": "863262"
  },
  {
    "date": 1488296431,
    "date_ms": 1488296431530,
    "price": 1183.9800,
    "amount": 0.00230,
    "type": "buy",
    "tid": "863260"
  },
  {
    "date": 1488296354,
    "date_ms": 1488296354875,
    "price": 1183.8100,
    "amount": 0.00220,
    "type": "buy",
    "tid": "863259"
  },
  {
    "date": 1488296307,
    "date_ms": 1488296307579,
    "price": 1185.4400,
    "amount": 0.00210,
    "type": "sell",
    "tid": "863257"
  },
  {
    "date": 1488296233,
    "date_ms": 1488296233862,
    "price": 1183.7800,
    "amount": 0.00200,
    "type": "buy",
    "tid": "863255"
  },
  {
    "date": 1488296173,
    "date_ms": 1488296173644,
    "price": 1184.1100,
    "amount": 0.00180,
    "type": "buy",
    "tid": "863254"
  },
  {
    "date": 1488296132,
    "date_ms": 1488296132004,
    "price": 1184.6500,
    "amount": 0.00170,
    "type": "sell",
    "tid": "863252"
  },
  {
    "date": 1488296075,
    "date_ms": 1488296075942,
    "price": 1183.9000,
    "amount": 0.00160,
    "type": "buy",
    "tid": "863251"
  },
  {
    "date": 1488296010,
    "date_ms": 1488296010240,
    "price": 1184.0300,
    "amount": 0.00150,
    "type": "buy",
    "tid": "863249"
  },
  {
    "date": 1488295951,
    "date_ms": 1488295951772,
    "price": 1184.4700,
    "amount": 0.00130,
    "type": "sell",
    "tid": "863248"
  },
  {
    "date": 1488295910,
    "date_ms": 1488295910492,
    "price": 1183.9600,
    "amount": 0.00260,
    "type": "buy",
    "tid": "863246"
  },
  {
    "date": 1488295879,
    "date_ms": 1488295879039,
    "price": 1184.5100,
    "amount": 0.00120,
    "type": "sell",
    "tid": "863245"
  },
  {
    "date": 1488295859,
    "date_ms": 1488295859820,
    "price": 1184.6200,
    "amount": 0.00250,
    "type": "sell",
    "tid": "863244"
  },
  {
    "date": 1488295830,
    "date_ms": 1488295830680,
    "price": 1185.7300,
    "amount": 0.00110,
    "type": "sell",
    "tid": "863242"
  },
  {
    "date": 1488295807,
    "date_ms": 1488295807009,
    "price": 1183.9800,
    "amount": 0.00240,
    "type": "buy",
    "tid": "863241"
  },
  {
    "date": 1488295782,
    "date_ms": 1488295782259,
    "price": 1185.5900,
    "amount": 0.00100,
    "type": "sell",
    "tid": "863240"
  },
  {
    "date": 1488295739,
    "date_ms": 1488295739228,
    "price": 1184.0600,
    "amount": 0.00230,
    "type": "buy",
    "tid": "863239"
  },
  {
    "date": 1488295694,
    "date_ms": 1488295694885,
    "price": 1185.1400,
    "amount": 0.00220,
    "type": "sell",
    "tid": "863237"
  },
  {
    "date": 1488295638,
    "date_ms": 1488295638214,
    "price": 1185.2200,
    "amount": 0.00200,
    "type": "sell",
    "tid": "863235"
  },
  {
    "date": 1488295579,
    "date_ms": 1488295579481,
    "price": 1184.4400,
    "amount": 0.01720,
    "type": "buy",
    "tid": "863234"
  },
  {
    "date": 1488295535,
    "date_ms": 1488295535872,
    "price": 1183.6800,
    "amount": 0.00790,
    "type": "buy",
    "tid": "863232"
  },
  {
    "date": 1488295499,
    "date_ms": 1488295499185,
    "price": 1183.4500,
    "amount": 0.01640,
    "type": "buy",
    "tid": "863231"
  },
  {
    "date": 1488295468,
    "date_ms": 1488295468217,
    "price": 1184.5700,
    "amount": 0.00710,
    "type": "buy",
    "tid": "863230"
  },
  {
    "date": 1488295433,
    "date_ms": 1488295433561,
    "price": 1185.1200,
    "amount": 0.01560,
    "type": "sell",
    "tid": "863229"
  },
  {
    "date": 1488295412,
    "date_ms": 1488295412483,
    "price": 1184.6800,
    "amount": 0.00630,
    "type": "sell",
    "tid": "863227"
  },
  {
    "date": 1488295390,
    "date_ms": 1488295390781,
    "price": 1184.7300,
    "amount": 0.01480,
    "type": "buy",
    "tid": "863226"
  },
  {
    "date": 1488295360,
    "date_ms": 1488295360062,
    "price": 1185.8400,
    "amount": 0.00550,
    "type": "buy",
    "tid": "863225"
  },
  {
    "date": 1488295330,
    "date_ms": 1488295330094,
    "price": 1185.1000,
    "amount": 0.01400,
    "type": "buy",
    "tid": "863223"
  },
  {
    "date": 1488295297,
    "date_ms": 1488295297954,
    "price": 1186.2700,
    "amount": 0.00470,
    "type": "sell",
    "tid": "863222"
  },
  {
    "date": 1488295279,
    "date_ms": 1488295279454,
    "price": 1185.4200,
    "amount": 0.01320,
    "type": "sell",
    "tid": "863221"
  },
  {
    "date": 1488295247,
    "date_ms": 1488295247377,
    "price": 1184.7500,
    "amount": 0.00390,
    "type": "buy",
    "tid": "863219"
  },
  {
    "date": 1488295213,
    "date_ms": 1488295213158,
    "price": 1184.8400,
    "amount": 0.01240,
    "type": "buy",
    "tid": "863218"
  },
  {
    "date": 1488295180,
    "date_ms": 1488295180518,
    "price": 1185.7300,
    "amount": 0.00310,
    "type": "buy",
    "tid": "863217"
  },
  {
    "date": 1488295153,
    "date_ms": 1488295153534,
    "price": 1187.3900,
    "amount": 0.01160,
    "type": "sell",
    "tid": "863215"
  },
  {
    "date": 1488295127,
    "date_ms": 1488295127113,
    "price": 1187.2900,
    "amount": 0.00230,
    "type": "sell",
    "tid": "863214"
  },
  {
    "date": 1488295085,
    "date_ms": 1488295085192,
    "price": 1187.2200,
    "amount": 0.01080,
    "type": "sell",
    "tid": "863213"
  },
  {
    "date": 1488295042,
    "date_ms": 1488295042661,
    "price": 1186.5400,
    "amount": 0.00150,
    "type": "buy",
    "tid": "863211"
  },
  {
    "date": 1488295024,
    "date_ms": 1488295024677,
    "price": 1187.4100,
    "amount": 0.01000,
    "type": "sell",
    "tid": "863210"
  },
  {
    "date": 1488294962,
    "date_ms": 1488294962272,
    "price": 1186.0000,
    "amount": 0.00920,
    "type": "buy",
    "tid": "863208"
  },
  {
    "date": 1488294934,
    "date_ms": 1488294934006,
    "price": 1186.6200,
    "amount": 0.01770,
    "type": "buy",
    "tid": "863207"
  },
  {
    "date": 1488294914,
    "date_ms": 1488294914679,
    "price": 1187.5700,
    "amount": 0.00840,
    "type": "sell",
    "tid": "863206"
  },
  {
    "date": 1488294883,
    "date_ms": 1488294883851,
    "price": 1186.2200,
    "amount": 0.01690,
    "type": "buy",
    "tid": "863204"
  },
  {
    "date": 1488294841,
    "date_ms": 1488294841570,
    "price": 1184.4100,
    "amount": 0.00760,
    "type": "sell",
    "tid": "863203"
  },
  {
    "date": 1488294799,
    "date_ms": 1488294799743,
    "price": 1184.9400,
    "amount": 0.01610,
    "type": "sell",
    "tid": "863202"
  },
  {
    "date": 1488294774,
    "date_ms": 1488294774181,
    "price": 1184.0500,
    "amount": 0.00680,
    "type": "sell",
    "tid": "863200"
  },
  {
    "date": 1488294757,
    "date_ms": 1488294757197,
    "price": 1184.1600,
    "amount": 0.01530,
    "type": "buy",
    "tid": "863199"
  },
  {
    "date": 1488294735,
    "date_ms": 1488294735088,
    "price": 1184.2700,
    "amount": 0.00600,
    "type": "sell",
    "tid": "863198"
  },
  {
    "date": 1488294718,
    "date_ms": 1488294718713,
    "price": 1184.0600,
    "amount": 0.01450,
    "type": "buy",
    "tid": "863197"
  },
  {
    "date": 1488294695,
    "date_ms": 1488294695885,
    "price": 1184.8200,
    "amount": 0.00520,
    "type": "sell",
    "tid": "863195"
  },
  {
    "date": 1488294671,
    "date_ms": 1488294671573,
    "price": 1182.8800,
    "amount": 0.01370,
    "type": "buy",
    "tid": "863194"
  },
  {
    "date": 1488294628,
    "date_ms": 1488294628949,
    "price": 1184.7100,
    "amount": 0.00440,
    "type": "sell",
    "tid": "863192"
  },
  {
    "date": 1488294598,
    "date_ms": 1488294598418,
    "price": 1184.4600,
    "amount": 0.01290,
    "type": "buy",
    "tid": "863191"
  },
  {
    "date": 1488294563,
    "date_ms": 1488294563153,
    "price": 1185.4700,
    "amount": 0.08530,
    "type": "sell",
    "tid": "863190"
  },
  {
    "date": 1488294526,
    "date_ms": 1488294526356,
    "price": 1185.9900,
    "amount": 0.03700,
    "type": "sell",
    "tid": "863188"
  },
  {
    "date": 1488294495,
    "date_ms": 1488294495716,
    "price": 1184.1600,
    "amount": 0.08110,
    "type": "buy",
    "tid": "863187"
  },
  {
    "date": 1488294462,
    "date_ms": 1488294462904,
    "price": 1184.8000,
    "amount": 0.03280,
    "type": "buy",
    "tid": "863185"
  },
  {
    "date": 1488294442,
    "date_ms": 1488294442748,
    "price": 1183.7800,
    "amount": 0.07700,
    "type": "buy",
    "tid": "863184"
  },
  {
    "date": 1488294408,
    "date_ms": 1488294408733,
    "price": 1184.1600,
    "amount": 0.02870,
    "type": "sell",
    "tid": "863183"
  },
  {
    "date": 1488294391,
    "date_ms": 1488294391437,
    "price": 1184.4600,
    "amount": 0.07280,
    "type": "sell",
    "tid": "863181"
  },
  {
    "date": 1488294370,
    "date_ms": 1488294370140,
    "price": 1184.4100,
    "amount": 0.02460,
    "type": "buy",
    "tid": "863180"
  },
  {
    "date": 1488294336,
    "date_ms": 1488294336031,
    "price": 1184.6800,
    "amount": 0.06870,
    "type": "sell",
    "tid": "863179"
  },
  {
    "date": 1488294292,
    "date_ms": 1488294292860,
    "price": 1185.9200,
    "amount": 0.02040,
    "type": "sell",
    "tid": "863177"
  },
  {
    "date": 1488294269,
    "date_ms": 1488294269688,
    "price": 1185.4800,
    "amount": 0.06460,
    "type": "buy",
    "tid": "863176"
  },
  {
    "date": 1488294236,
    "date_ms": 1488294236361,
    "price": 1184.8800,
    "amount": 0.01620,
    "type": "buy",
    "tid": "863175"
  },
  {
    "date": 1488294204,
    "date_ms": 1488294204861,
    "price": 1184.9200,
    "amount": 0.06040,
    "type": "buy",
    "tid": "863173"
  },
  {
    "date": 1488294170,
    "date_ms": 1488294170612,
    "price": 1185.5200,
    "amount": 0.01210,
    "type": "buy",
    "tid": "863172"
  },
  {
    "date": 1488294143,
    "date_ms": 1488294143987,
    "price": 1186.7100,
    "amount": 0.05620,
    "type": "sell",
    "tid": "863171"
  },
  {
    "date": 1488294127,
    "date_ms": 1488294127519,
    "price": 1185.7500,
    "amount": 0.00790,
    "type": "sell",
    "tid": "863170"
  },
  {
    "date": 1488294109,
    "date_ms": 1488294109472,
    "price": 1184.7800,
    "amount": 0.05210,
    "type": "buy",
    "tid": "863168"
  },
  {
    "date": 1488294074,
    "date_ms": 1488294074582,
    "price": 1182.6600,
    "amount": 0.00380,
    "type": "buy",
    "tid": "863167"
  },
  {
    "date": 1488294038,
    "date_ms": 1488294038270,
    "price": 1184.4700,
    "amount": 0.04800,
    "type": "sell",
    "tid": "863165"
  },
  {
    "date": 1488294002,
    "date_ms": 1488294002599,
    "price": 1184.3400,
    "amount": 0.09220,
    "type": "sell",
    "tid": "863164"
  },
  {
    "date": 1488293970,
    "date_ms": 1488293970271,
    "price": 1183.8500,
    "amount": 0.04380,
    "type": "sell",
    "tid": "863163"
  },
  {
    "date": 1488293943,
    "date_ms": 1488293943959,
    "price": 1183.4500,
    "amount": 0.08800,
    "type": "buy",
    "tid": "863161"
  },
  {
    "date": 1488293917,
    "date_ms": 1488293917866,
    "price": 1182.1400,
    "amount": 0.03970,
    "type": "buy",
    "tid": "863160"
  },
  {
    "date": 1488293895,
    "date_ms": 1488293895616,
    "price": 1183.2400,
    "amount": 0.08380,
    "type": "sell",
    "tid": "863159"
  },
  {
    "date": 1488293862,
    "date_ms": 1488293862491,
    "price": 1182.0500,
    "amount": 0.03550,
    "type": "buy",
    "tid": "863157"
  },
  {
    "date": 1488293822,
    "date_ms": 1488293822242,
    "price": 1181.7900,
    "amount": 0.07970,
    "type": "buy",
    "tid": "863156"
  },
  {
    "date": 1488293798,
    "date_ms": 1488293798289,
    "price": 1182.3700,
    "amount": 0.03130,
    "type": "sell",
    "tid": "863155"
  },
  {
    "date": 1488293762,
    "date_ms": 1488293762040,
    "price": 1182.1100,
    "amount": 0.07560,
    "type": "sell",
    "tid": "863153"
  },
  {
    "date": 1488293743,
    "date_ms": 1488293743571,
    "price": 1180.9900,
    "amount": 0.02730,
    "type": "buy",
    "tid": "863152"
  },
  {
    "date": 1488293716,
    "date_ms": 1488293716525,
    "price": 1181.7800,
    "amount": 0.07140,
    "type": "buy",
    "tid": "863150"
  },
  {
    "date": 1488293674,
    "date_ms": 1488293674432,
    "price": 1181.2900,
    "amount": 0.02310,
    "type": "buy",
    "tid": "863149"
  },
  {
    "date": 1488293637,
    "date_ms": 1488293637557,
    "price": 1181.0900,
    "amount": 0.06730,
    "type": "buy",
    "tid": "863148"
  },
  {
    "date": 1488293609,
    "date_ms": 1488293609480,
    "price": 1181.3300,
    "amount": 0.01890,
    "type": "buy",
    "tid": "863146"
  },
  {
    "date": 1488293578,
    "date_ms": 1488293578136,
    "price": 1182.1400,
    "amount": 0.01240,
    "type": "sell",
    "tid": "863145"
  },
  {
    "date": 1488293555,
    "date_ms": 1488293555106,
    "price": 1181.1800,
    "amount": 0.02740,
    "type": "buy",
    "tid": "863144"
  },
  {
    "date": 1488293534,
    "date_ms": 1488293534168,
    "price": 1180.3000,
    "amount": 0.01100,
    "type": "buy",
    "tid": "863142"
  },
  {
    "date": 1488293491,
    "date_ms": 1488293491825,
    "price": 1182.4500,
    "amount": 0.02590,
    "type": "sell",
    "tid": "863141"
  },
  {
    "date": 1488293449,
    "date_ms": 1488293449748,
    "price": 1181.9900,
    "amount": 0.00960,
    "type": "buy",
    "tid": "863140"
  },
  {
    "date": 1488293431,
    "date_ms": 1488293431623,
    "price": 1182.3300,
    "amount": 0.02450,
    "type": "buy",
    "tid": "863138"
  },
  {
    "date": 1488293388,
    "date_ms": 1488293388249,
    "price": 1180.9300,
    "amount": 0.00830,
    "type": "buy",
    "tid": "863137"
  },
  {
    "date": 1488293362,
    "date_ms": 1488293362030,
    "price": 1181.1700,
    "amount": 0.02320,
    "type": "buy",
    "tid": "863136"
  },
  {
    "date": 1488293333,
    "date_ms": 1488293333125,
    "price": 1181.0300,
    "amount": 0.00690,
    "type": "buy",
    "tid": "863134"
  },
  {
    "date": 1488293312,
    "date_ms": 1488293312890,
    "price": 1181.7600,
    "amount": 0.02180,
    "type": "sell",
    "tid": "863133"
  },
  {
    "date": 1488293292,
    "date_ms": 1488293292875,
    "price": 1180.8700,
    "amount": 0.00540,
    "type": "buy",
    "tid": "863132"
  },
  {
    "date": 1488293272,
    "date_ms": 1488293272454,
    "price": 1181.3400,
    "amount": 0.02040,
    "type": "buy",
    "tid": "863131"
  },
  {
    "date": 1488293254,
    "date_ms": 1488293254063,
    "price": 1181.4200,
    "amount": 0.00400,
    "type": "buy",
    "tid": "863130"
  },
  {
    "date": 1488293232,
    "date_ms": 1488293232079,
    "price": 1182.9800,
    "amount": 0.01890,
    "type": "sell",
    "tid": "863128"
  },
  {
    "date": 1488293203,
    "date_ms": 1488293203158,
    "price": 1182.9800,
    "amount": 0.00260,
    "type": "sell",
    "tid": "863127"
  },
  {
    "date": 1488293167,
    "date_ms": 1488293167658,
    "price": 1182.0100,
    "amount": 0.01750,
    "type": "buy",
    "tid": "863126"
  },
  {
    "date": 1488293149,
    "date_ms": 1488293149377,
    "price": 1182.6200,
    "amount": 0.00130,
    "type": "buy",
    "tid": "863125"
  },
  {
    "date": 1488293110,
    "date_ms": 1488293110784,
    "price": 1182.3400,
    "amount": 0.01620,
    "type": "sell",
    "tid": "863123"
  },
  {
    "date": 1488293080,
    "date_ms": 1488293080269,
    "price": 1183.4300,
    "amount": 0.03110,
    "type": "sell",
    "tid": "863122"
  },
  {
    "date": 1488293041,
    "date_ms": 1488293041457,
    "price": 1181.1200,
    "amount": 0.01480,
    "type": "buy",
    "tid": "863121"
  },
  {
    "date": 1488293017,
    "date_ms": 1488293017786,
    "price": 1182.0700,
    "amount": 0.02970,
    "type": "buy",
    "tid": "863119"
  },
  {
    "date": 1488292978,
    "date_ms": 1488292978021,
    "price": 1182.6300,
    "amount": 0.01340,
    "type": "sell",
    "tid": "863118"
  },
  {
    "date": 1488292958,
    "date_ms": 1488292958052,
    "price": 1180.5600,
    "amount": 0.02830,
    "type": "buy",
    "tid": "863117"
  },
  {
    "date": 1488292924,
    "date_ms": 1488292924006,
    "price": 1180.9600,
    "amount": 0.01190,
    "type": "buy",
    "tid": "863115"
  },
  {
    "date": 1488292886,
    "date_ms": 1488292886741,
    "price": 1181.0800,
    "amount": 0.02690,
    "type": "buy",
    "tid": "863114"
  },
  {
    "date": 1488292861,
    "date_ms": 1488292861882,
    "price": 1181.2400,
    "amount": 0.01050,
    "type": "buy",
    "tid": "863112"
  },
  {
    "date": 1488292819,
    "date_ms": 1488292819976,
    "price": 1179.0900,
    "amount": 0.02550,
    "type": "buy",
    "tid": "863111"
  },
  {
    "date": 1488292779,
    "date_ms": 1488292779508,
    "price": 1178.0500,
    "amount": 0.00920,
    "type": "sell",
    "tid": "863110"
  },
  {
    "date": 1488292760,
    "date_ms": 1488292760821,
    "price": 1178.4300,
    "amount": 0.02410,
    "type": "sell",
    "tid": "863108"
  },
  {
    "date": 1488292726,
    "date_ms": 1488292726618,
    "price": 1176.6700,
    "amount": 0.00780,
    "type": "buy",
    "tid": "863107"
  },
  {
    "date": 1488292687,
    "date_ms": 1488292687134,
    "price": 1176.4900,
    "amount": 0.02270,
    "type": "buy",
    "tid": "863106"
  },
  {
    "date": 1488292661,
    "date_ms": 1488292661728,
    "price": 1183.0000,
    "amount": 0.01729,
    "type": "sell",
    "tid": "863105"
  },
  {
    "date": 1488292652,
    "date_ms": 1488292652244,
    "price": 1184.5200,
    "amount": 0.00640,
    "type": "sell",
    "tid": "863103"
  },
  {
    "date": 1488292611,
    "date_ms": 1488292611885,
    "price": 1185.3200,
    "amount": 0.02130,
    "type": "sell",
    "tid": "863102"
  },
  {
    "date": 1488292571,
    "date_ms": 1488292571761,
    "price": 1185.6200,
    "amount": 0.01960,
    "type": "sell",
    "tid": "863101"
  },
  {
    "date": 1488292528,
    "date_ms": 1488292528684,
    "price": 1184.3000,
    "amount": 0.04310,
    "type": "buy",
    "tid": "863099"
  },
  {
    "date": 1488292493,
    "date_ms": 1488292493184,
    "price": 1184.7300,
    "amount": 0.01740,
    "type": "buy",
    "tid": "863098"
  },
  {
    "date": 1488292456,
    "date_ms": 1488292456263,
    "price": 1185.3400,
    "amount": 0.04090,
    "type": "sell",
    "tid": "863096"
  },
  {
    "date": 1488292434,
    "date_ms": 1488292434529,
    "price": 1185.4500,
    "amount": 0.01520,
    "type": "sell",
    "tid": "863095"
  },
  {
    "date": 1488292391,
    "date_ms": 1488292391248,
    "price": 1184.2800,
    "amount": 0.03860,
    "type": "buy",
    "tid": "863093"
  },
  {
    "date": 1488292359,
    "date_ms": 1488292359046,
    "price": 1184.3900,
    "amount": 0.01300,
    "type": "buy",
    "tid": "863092"
  },
  {
    "date": 1488292328,
    "date_ms": 1488292328530,
    "price": 1185.5800,
    "amount": 0.03650,
    "type": "buy",
    "tid": "863090"
  },
  {
    "date": 1488292298,
    "date_ms": 1488292298953,
    "price": 1186.1800,
    "amount": 0.01080,
    "type": "buy",
    "tid": "863089"
  },
  {
    "date": 1488292264,
    "date_ms": 1488292264250,
    "price": 1186.7300,
    "amount": 0.03430,
    "type": "sell",
    "tid": "863088"
  },
  {
    "date": 1488292223,
    "date_ms": 1488292223688,
    "price": 1186.9800,
    "amount": 0.00860,
    "type": "buy",
    "tid": "863086"
  },
  {
    "date": 1488292206,
    "date_ms": 1488292206142,
    "price": 1188.3000,
    "amount": 0.03210,
    "type": "sell",
    "tid": "863085"
  },
  {
    "date": 1488292165,
    "date_ms": 1488292165267,
    "price": 1187.8400,
    "amount": 0.00640,
    "type": "sell",
    "tid": "863083"
  },
  {
    "date": 1488292142,
    "date_ms": 1488292142549,
    "price": 1188.1600,
    "amount": 0.02980,
    "type": "sell",
    "tid": "863082"
  },
  {
    "date": 1488292125,
    "date_ms": 1488292125284,
    "price": 1187.9500,
    "amount": 0.00420,
    "type": "sell",
    "tid": "863081"
  },
  {
    "date": 1488292095,
    "date_ms": 1488292095065,
    "price": 1186.8900,
    "amount": 0.02760,
    "type": "buy",
    "tid": "863080"
  },
  {
    "date": 1488292078,
    "date_ms": 1488292078800,
    "price": 1187.8200,
    "amount": 0.00200,
    "type": "sell",
    "tid": "863078"
  },
  {
    "date": 1488292056,
    "date_ms": 1488292056535,
    "price": 1186.5300,
    "amount": 0.02550,
    "type": "buy",
    "tid": "863077"
  },
  {
    "date": 1488292033,
    "date_ms": 1488292033472,
    "price": 1188.1400,
    "amount": 0.04890,
    "type": "sell",
    "tid": "863076"
  },
  {
    "date": 1488291995,
    "date_ms": 1488291995520,
    "price": 1186.5300,
    "amount": 0.02330,
    "type": "buy",
    "tid": "863074"
  },
  {
    "date": 1488291968,
    "date_ms": 1488291968239,
    "price": 1187.1500,
    "amount": 0.04670,
    "type": "buy",
    "tid": "863073"
  },
  {
    "date": 1488291943,
    "date_ms": 1488291943380,
    "price": 1187.1600,
    "amount": 0.02100,
    "type": "buy",
    "tid": "863072"
  },
  {
    "date": 1488291920,
    "date_ms": 1488291920849,
    "price": 1186.3700,
    "amount": 0.04450,
    "type": "buy",
    "tid": "863070"
  },
  {
    "date": 1488291877,
    "date_ms": 1488291877928,
    "price": 1187.3400,
    "amount": 0.01880,
    "type": "sell",
    "tid": "863069"
  },
  {
    "date": 1488291859,
    "date_ms": 1488291859069,
    "price": 1188.3000,
    "amount": 0.04230,
    "type": "sell",
    "tid": "863068"
  },
  {
    "date": 1488291836,
    "date_ms": 1488291836366,
    "price": 1186.8100,
    "amount": 0.01660,
    "type": "buy",
    "tid": "863067"
  },
  {
    "date": 1488291819,
    "date_ms": 1488291819960,
    "price": 1188.0300,
    "amount": 0.04010,
    "type": "sell",
    "tid": "863065"
  },
  {
    "date": 1488291787,
    "date_ms": 1488291787632,
    "price": 1188.6200,
    "amount": 0.01450,
    "type": "sell",
    "tid": "863064"
  },
  {
    "date": 1488291764,
    "date_ms": 1488291764289,
    "price": 1187.0200,
    "amount": 0.03790,
    "type": "buy",
    "tid": "863063"
  },
  {
    "date": 1488291724,
    "date_ms": 1488291724430,
    "price": 1188.2600,
    "amount": 0.01220,
    "type": "sell",
    "tid": "863061"
  },
  {
    "date": 1488291699,
    "date_ms": 1488291699759,
    "price": 1187.6200,
    "amount": 0.03570,
    "type": "buy",
    "tid": "863060"
  },
  {
    "date": 1488291681,
    "date_ms": 1488291681790,
    "price": 1188.5800,
    "amount": 0.01000,
    "type": "sell",
    "tid": "863059"
  },
  {
    "date": 1488291662,
    "date_ms": 1488291662369,
    "price": 1187.6500,
    "amount": 0.03350,
    "type": "buy",
    "tid": "863057"
  },
  {
    "date": 1488291621,
    "date_ms": 1488291621510,
    "price": 1188.0900,
    "amount": 0.00780,
    "type": "buy",
    "tid": "863056"
  },
  {
    "date": 1488291589,
    "date_ms": 1488291589307,
    "price": 1187.4200,
    "amount": 0.00620,
    "type": "buy",
    "tid": "863055"
  },
  {
    "date": 1488291559,
    "date_ms": 1488291559355,
    "price": 1187.3400,
    "amount": 0.00250,
    "type": "sell",
    "tid": "863054"
  },
  {
    "date": 1488291527,
    "date_ms": 1488291527402,
    "price": 1186.8800,
    "amount": 0.00580,
    "type": "buy",
    "tid": "863052"
  },
  {
    "date": 1488291487,
    "date_ms": 1488291487574,
    "price": 1187.1000,
    "amount": 0.00210,
    "type": "buy",
    "tid": "863051"
  },
  {
    "date": 1488291458,
    "date_ms": 1488291458169,
    "price": 1186.3300,
    "amount": 0.00550,
    "type": "buy",
    "tid": "863049"
  },
  {
    "date": 1488291441,
    "date_ms": 1488291441200,
    "price": 1187.3300,
    "amount": 0.00180,
    "type": "sell",
    "tid": "863048"
  },
  {
    "date": 1488291415,
    "date_ms": 1488291415544,
    "price": 1186.6500,
    "amount": 0.00520,
    "type": "buy",
    "tid": "863047"
  },
  {
    "date": 1488291377,
    "date_ms": 1488291377607,
    "price": 1187.3600,
    "amount": 0.00150,
    "type": "sell",
    "tid": "863045"
  },
  {
    "date": 1488291354,
    "date_ms": 1488291354873,
    "price": 1186.3000,
    "amount": 0.00490,
    "type": "buy",
    "tid": "863044"
  },
  {
    "date": 1488291325,
    "date_ms": 1488291325499,
    "price": 1187.9100,
    "amount": 0.00120,
    "type": "sell",
    "tid": "863042"
  },
  {
    "date": 1488291304,
    "date_ms": 1488291304608,
    "price": 1186.8800,
    "amount": 0.00460,
    "type": "buy",
    "tid": "863041"
  },
  {
    "date": 1488291251,
    "date_ms": 1488291251391,
    "price": 1188.2100,
    "amount": 0.00430,
    "type": "sell",
    "tid": "863040"
  },
  {
    "date": 1488291206,
    "date_ms": 1488291206251,
    "price": 1187.2400,
    "amount": 0.00390,
    "type": "buy",
    "tid": "863038"
  },
  {
    "date": 1488291122,
    "date_ms": 1488291122346,
    "price": 1187.2200,
    "amount": 0.00360,
    "type": "buy",
    "tid": "863037"
  },
  {
    "date": 1488291089,
    "date_ms": 1488291089596,
    "price": 1187.1900,
    "amount": 0.00700,
    "type": "buy",
    "tid": "863035"
  },
  {
    "date": 1488291057,
    "date_ms": 1488291057550,
    "price": 1188.1600,
    "amount": 0.00330,
    "type": "sell",
    "tid": "863034"
  },
  {
    "date": 1488291026,
    "date_ms": 1488291026519,
    "price": 1188.0900,
    "amount": 0.00670,
    "type": "sell",
    "tid": "863032"
  },
  {
    "date": 1488290998,
    "date_ms": 1488290998848,
    "price": 1186.7800,
    "amount": 0.00300,
    "type": "buy",
    "tid": "863031"
  },
  {
    "date": 1488290969,
    "date_ms": 1488290969723,
    "price": 1188.1700,
    "amount": 0.00640,
    "type": "sell",
    "tid": "863030"
  },
  {
    "date": 1488290926,
    "date_ms": 1488290926677,
    "price": 1187.6000,
    "amount": 0.00270,
    "type": "sell",
    "tid": "863028"
  },
  {
    "date": 1488290909,
    "date_ms": 1488290909411,
    "price": 1187.6000,
    "amount": 0.00600,
    "type": "sell",
    "tid": "863027"
  },
  {
    "date": 1488290891,
    "date_ms": 1488290891771,
    "price": 1186.3200,
    "amount": 0.00230,
    "type": "buy",
    "tid": "863026"
  },
  {
    "date": 1488290853,
    "date_ms": 1488290853381,
    "price": 1187.5700,
    "amount": 0.00570,
    "type": "sell",
    "tid": "863025"
  },
  {
    "date": 1488290813,
    "date_ms": 1488290813397,
    "price": 1187.7900,
    "amount": 0.00200,
    "type": "sell",
    "tid": "863023"
  },
  {
    "date": 1488290795,
    "date_ms": 1488290795694,
    "price": 1188.1100,
    "amount": 0.00540,
    "type": "sell",
    "tid": "863022"
  },
  {
    "date": 1488290777,
    "date_ms": 1488290777226,
    "price": 1186.5100,
    "amount": 0.00170,
    "type": "buy",
    "tid": "863021"
  },
  {
    "date": 1488290748,
    "date_ms": 1488290748633,
    "price": 1186.8000,
    "amount": 0.00510,
    "type": "buy",
    "tid": "863020"
  },
  {
    "date": 1488290727,
    "date_ms": 1488290727883,
    "price": 1187.6200,
    "amount": 0.00140,
    "type": "sell",
    "tid": "863019"
  },
  {
    "date": 1488290706,
    "date_ms": 1488290706868,
    "price": 1186.6300,
    "amount": 0.00480,
    "type": "buy",
    "tid": "863017"
  },
  {
    "date": 1488290671,
    "date_ms": 1488290671368,
    "price": 1187.9500,
    "amount": 0.00110,
    "type": "sell",
    "tid": "863016"
  },
  {
    "date": 1488290629,
    "date_ms": 1488290629994,
    "price": 1187.6000,
    "amount": 0.00450,
    "type": "sell",
    "tid": "863014"
  },
  {
    "date": 1488290597,
    "date_ms": 1488290597354,
    "price": 1187.4200,
    "amount": 0.01030,
    "type": "sell",
    "tid": "863013"
  },
  {
    "date": 1488290554,
    "date_ms": 1488290554261,
    "price": 1186.4300,
    "amount": 0.00380,
    "type": "buy",
    "tid": "863011"
  },
  {
    "date": 1488290529,
    "date_ms": 1488290529261,
    "price": 1186.3600,
    "amount": 0.00980,
    "type": "buy",
    "tid": "863010"
  },
  {
    "date": 1488290489,
    "date_ms": 1488290489871,
    "price": 1187.1500,
    "amount": 0.00330,
    "type": "buy",
    "tid": "863008"
  },
  {
    "date": 1488290470,
    "date_ms": 1488290470121,
    "price": 1187.0800,
    "amount": 0.00920,
    "type": "buy",
    "tid": "863007"
  },
  {
    "date": 1488290437,
    "date_ms": 1488290437340,
    "price": 1187.7000,
    "amount": 0.00270,
    "type": "sell",
    "tid": "863006"
  },
  {
    "date": 1488290414,
    "date_ms": 1488290414950,
    "price": 1186.3800,
    "amount": 0.00870,
    "type": "buy",
    "tid": "863004"
  },
  {
    "date": 1488290382,
    "date_ms": 1488290382857,
    "price": 1187.0200,
    "amount": 0.00210,
    "type": "buy",
    "tid": "863003"
  },
  {
    "date": 1488290347,
    "date_ms": 1488290347498,
    "price": 1187.2700,
    "amount": 0.00810,
    "type": "buy",
    "tid": "863002"
  },
  {
    "date": 1488290322,
    "date_ms": 1488290322186,
    "price": 1186.5600,
    "amount": 0.00160,
    "type": "buy",
    "tid": "863001"
  },
  {
    "date": 1488290291,
    "date_ms": 1488290291718,
    "price": 1186.7100,
    "amount": 0.00750,
    "type": "buy",
    "tid": "862999"
  },
  {
    "date": 1488290265,
    "date_ms": 1488290265140,
    "price": 1186.9200,
    "amount": 0.00100,
    "type": "buy",
    "tid": "862998"
  },
  {
    "date": 1488290231,
    "date_ms": 1488290231437,
    "price": 1188.1100,
    "amount": 0.00700,
    "type": "sell",
    "tid": "862997"
  },
  {
    "date": 1488290161,
    "date_ms": 1488290161470,
    "price": 1187.5100,
    "amount": 0.00640,
    "type": "sell",
    "tid": "862995"
  },
  {
    "date": 1488290136,
    "date_ms": 1488290136361,
    "price": 1187.8000,
    "amount": 0.01240,
    "type": "sell",
    "tid": "862994"
  },
  {
    "date": 1488290102,
    "date_ms": 1488290102674,
    "price": 1187.5900,
    "amount": 0.00590,
    "type": "sell",
    "tid": "862992"
  },
  {
    "date": 1488290081,
    "date_ms": 1488290081221,
    "price": 1188.0200,
    "amount": 0.01180,
    "type": "sell",
    "tid": "862991"
  },
  {
    "date": 1488290059,
    "date_ms": 1488290059893,
    "price": 1188.0200,
    "amount": 0.00530,
    "type": "sell",
    "tid": "862990"
  },
  {
    "date": 1488290033,
    "date_ms": 1488290033268,
    "price": 1186.4500,
    "amount": 0.01130,
    "type": "buy",
    "tid": "862988"
  },
  {
    "date": 1488290003,
    "date_ms": 1488290003550,
    "price": 1187.9900,
    "amount": 0.00470,
    "type": "sell",
    "tid": "862987"
  },
  {
    "date": 1488289962,
    "date_ms": 1488289962488,
    "price": 1187.1700,
    "amount": 0.01070,
    "type": "buy",
    "tid": "862985"
  },
  {
    "date": 1488289925,
    "date_ms": 1488289925145,
    "price": 1187.1500,
    "amount": 0.00420,
    "type": "buy",
    "tid": "862984"
  },
  {
    "date": 1488289903,
    "date_ms": 1488289903817,
    "price": 1186.7300,
    "amount": 0.01020,
    "type": "buy",
    "tid": "862983"
  },
  {
    "date": 1488289859,
    "date_ms": 1488289859912,
    "price": 1186.2700,
    "amount": 0.00360,
    "type": "buy",
    "tid": "862981"
  },
  {
    "date": 1488289818,
    "date_ms": 1488289818944,
    "price": 1188.2000,
    "amount": 0.00960,
    "type": "sell",
    "tid": "862980"
  },
  {
    "date": 1488289792,
    "date_ms": 1488289792553,
    "price": 1186.9800,
    "amount": 0.00310,
    "type": "buy",
    "tid": "862978"
  },
  {
    "date": 1488289764,
    "date_ms": 1488289764741,
    "price": 1186.7100,
    "amount": 0.00900,
    "type": "buy",
    "tid": "862977"
  },
  {
    "date": 1488289744,
    "date_ms": 1488289744663,
    "price": 1187.5200,
    "amount": 0.00250,
    "type": "sell",
    "tid": "862976"
  },
  {
    "date": 1488289727,
    "date_ms": 1488289727508,
    "price": 1187.1300,
    "amount": 0.00850,
    "type": "buy",
    "tid": "862975"
  },
  {
    "date": 1488289684,
    "date_ms": 1488289684524,
    "price": 1187.3900,
    "amount": 0.00190,
    "type": "sell",
    "tid": "862973"
  },
  {
    "date": 1488289646,
    "date_ms": 1488289646977,
    "price": 1187.0700,
    "amount": 0.00790,
    "type": "buy",
    "tid": "862972"
  },
  {
    "date": 1488289627,
    "date_ms": 1488289627415,
    "price": 1187.5100,
    "amount": 0.00140,
    "type": "sell",
    "tid": "862971"
  },
  {
    "date": 1488289590,
    "date_ms": 1488289590213,
    "price": 1186.5000,
    "amount": 0.03140,
    "type": "buy",
    "tid": "862969"
  },
  {
    "date": 1488289561,
    "date_ms": 1488289561854,
    "price": 1186.6200,
    "amount": 0.01270,
    "type": "buy",
    "tid": "862968"
  },
  {
    "date": 1488289538,
    "date_ms": 1488289538464,
    "price": 1186.3700,
    "amount": 0.02980,
    "type": "buy",
    "tid": "862966"
  },
  {
    "date": 1488289522,
    "date_ms": 1488289522698,
    "price": 1187.9500,
    "amount": 0.01110,
    "type": "sell",
    "tid": "862965"
  },
  {
    "date": 1488289502,
    "date_ms": 1488289502011,
    "price": 1186.8400,
    "amount": 0.02820,
    "type": "buy",
    "tid": "862964"
  },
  {
    "date": 1488289469,
    "date_ms": 1488289469761,
    "price": 1187.8100,
    "amount": 0.00950,
    "type": "sell",
    "tid": "862963"
  },
  {
    "date": 1488289445,
    "date_ms": 1488289445434,
    "price": 1186.5200,
    "amount": 0.02660,
    "type": "buy",
    "tid": "862962"
  },
  {
    "date": 1488289407,
    "date_ms": 1488289407622,
    "price": 1186.5200,
    "amount": 0.00790,
    "type": "buy",
    "tid": "862960"
  },
  {
    "date": 1488289367,
    "date_ms": 1488289367607,
    "price": 1186.9300,
    "amount": 0.02500,
    "type": "buy",
    "tid": "862959"
  },
  {
    "date": 1488289329,
    "date_ms": 1488289329498,
    "price": 1187.2500,
    "amount": 0.00630,
    "type": "sell",
    "tid": "862957"
  },
  {
    "date": 1488289312,
    "date_ms": 1488289312717,
    "price": 1187.1800,
    "amount": 0.02340,
    "type": "buy",
    "tid": "862956"
  },
  {
    "date": 1488289295,
    "date_ms": 1488289295561,
    "price": 1186.4700,
    "amount": 0.00460,
    "type": "buy",
    "tid": "862955"
  },
  {
    "date": 1488289268,
    "date_ms": 1488289268764,
    "price": 1187.0800,
    "amount": 0.02180,
    "type": "buy",
    "tid": "862954"
  },
  {
    "date": 1488289225,
    "date_ms": 1488289225578,
    "price": 1186.7000,
    "amount": 0.00300,
    "type": "buy",
    "tid": "862952"
  },
  {
    "date": 1488289198,
    "date_ms": 1488289198578,
    "price": 1187.0200,
    "amount": 0.02010,
    "type": "buy",
    "tid": "862951"
  },
  {
    "date": 1488289158,
    "date_ms": 1488289158813,
    "price": 1187.0200,
    "amount": 0.00150,
    "type": "buy",
    "tid": "862949"
  },
  {
    "date": 1488289139,
    "date_ms": 1488289139391,
    "price": 1187.2700,
    "amount": 0.01860,
    "type": "sell",
    "tid": "862948"
  },
  {
    "date": 1488289107,
    "date_ms": 1488289107673,
    "price": 1186.6700,
    "amount": 0.03570,
    "type": "buy",
    "tid": "862947"
  },
  {
    "date": 1488289074,
    "date_ms": 1488289074533,
    "price": 1186.6400,
    "amount": 0.01690,
    "type": "buy",
    "tid": "862945"
  },
  {
    "date": 1488289046,
    "date_ms": 1488289046393,
    "price": 1187.6400,
    "amount": 0.03410,
    "type": "sell",
    "tid": "862944"
  },
  {
    "date": 1488289019,
    "date_ms": 1488289019331,
    "price": 1188.2200,
    "amount": 0.01530,
    "type": "sell",
    "tid": "862942"
  },
  {
    "date": 1488288983,
    "date_ms": 1488288983831,
    "price": 1186.8300,
    "amount": 0.03240,
    "type": "buy",
    "tid": "862941"
  },
  {
    "date": 1488288964,
    "date_ms": 1488288964597,
    "price": 1186.8500,
    "amount": 0.01370,
    "type": "buy",
    "tid": "862940"
  },
  {
    "date": 1488288939,
    "date_ms": 1488288939566,
    "price": 1187.6700,
    "amount": 0.03080,
    "type": "sell",
    "tid": "862939"
  },
  {
    "date": 1488288918,
    "date_ms": 1488288918176,
    "price": 1187.1800,
    "amount": 0.01210,
    "type": "sell",
    "tid": "862938"
  },
  {
    "date": 1488288883,
    "date_ms": 1488288883583,
    "price": 1186.5800,
    "amount": 0.02920,
    "type": "buy",
    "tid": "862936"
  },
  {
    "date": 1488288857,
    "date_ms": 1488288857489,
    "price": 1187.5400,
    "amount": 0.01050,
    "type": "sell",
    "tid": "862935"
  },
  {
    "date": 1488288823,
    "date_ms": 1488288823803,
    "price": 1186.5100,
    "amount": 0.02760,
    "type": "buy",
    "tid": "862933"
  },
  {
    "date": 1488288802,
    "date_ms": 1488288802131,
    "price": 1187.7200,
    "amount": 0.00890,
    "type": "sell",
    "tid": "862932"
  },
  {
    "date": 1488288770,
    "date_ms": 1488288770741,
    "price": 1186.9500,
    "amount": 0.02600,
    "type": "buy",
    "tid": "862931"
  },
  {
    "date": 1488288745,
    "date_ms": 1488288745085,
    "price": 1186.6100,
    "amount": 0.00730,
    "type": "buy",
    "tid": "862929"
  },
  {
    "date": 1488288722,
    "date_ms": 1488288722538,
    "price": 1186.6400,
    "amount": 0.02440,
    "type": "buy",
    "tid": "862928"
  },
  {
    "date": 1488288697,
    "date_ms": 1488288697961,
    "price": 1187.0100,
    "amount": 0.00570,
    "type": "buy",
    "tid": "862927"
  },
  {
    "date": 1488288677,
    "date_ms": 1488288677180,
    "price": 1187.8300,
    "amount": 0.02280,
    "type": "sell",
    "tid": "862926"
  },
  {
    "date": 1488288645,
    "date_ms": 1488288645680,
    "price": 1186.9700,
    "amount": 0.00410,
    "type": "buy",
    "tid": "862925"
  },
  {
    "date": 1488288623,
    "date_ms": 1488288623524,
    "price": 1187.1900,
    "amount": 0.02120,
    "type": "buy",
    "tid": "862923"
  },
  {
    "date": 1488288584,
    "date_ms": 1488288584837,
    "price": 1186.3700,
    "amount": 0.00440,
    "type": "buy",
    "tid": "862922"
  },
  {
    "date": 1488288555,
    "date_ms": 1488288555228,
    "price": 1187.4900,
    "amount": 0.01250,
    "type": "sell",
    "tid": "862921"
  },
  {
    "date": 1488288519,
    "date_ms": 1488288519448,
    "price": 1187.0200,
    "amount": 0.00370,
    "type": "sell",
    "tid": "862919"
  },
  {
    "date": 1488288494,
    "date_ms": 1488288494683,
    "price": 1187.1000,
    "amount": 0.01170,
    "type": "sell",
    "tid": "862918"
  },
  {
    "date": 1488288472,
    "date_ms": 1488288472198,
    "price": 1187.3500,
    "amount": 0.00290,
    "type": "sell",
    "tid": "862917"
  },
  {
    "date": 1488288454,
    "date_ms": 1488288454902,
    "price": 1186.8500,
    "amount": 0.01100,
    "type": "sell",
    "tid": "862916"
  },
  {
    "date": 1488288432,
    "date_ms": 1488288432762,
    "price": 1186.2500,
    "amount": 0.00220,
    "type": "buy",
    "tid": "862915"
  },
  {
    "date": 1488288404,
    "date_ms": 1488288404496,
    "price": 1186.5900,
    "amount": 0.01020,
    "type": "buy",
    "tid": "862913"
  },
  {
    "date": 1488288388,
    "date_ms": 1488288388247,
    "price": 1186.4100,
    "amount": 0.00140,
    "type": "buy",
    "tid": "862912"
  },
  {
    "date": 1488288353,
    "date_ms": 1488288353013,
    "price": 1186.7400,
    "amount": 0.00940,
    "type": "buy",
    "tid": "862911"
  },
  {
    "date": 1488288293,
    "date_ms": 1488288293139,
    "price": 1186.8500,
    "amount": 0.00870,
    "type": "sell",
    "tid": "862909"
  },
  {
    "date": 1488288253,
    "date_ms": 1488288253702,
    "price": 1186.5700,
    "amount": 0.01670,
    "type": "buy",
    "tid": "862907"
  },
  {
    "date": 1488288234,
    "date_ms": 1488288234249,
    "price": 1187.3500,
    "amount": 0.00790,
    "type": "sell",
    "tid": "862906"
  },
  {
    "date": 1488288195,
    "date_ms": 1488288195625,
    "price": 1186.5600,
    "amount": 0.01600,
    "type": "buy",
    "tid": "862905"
  },
  {
    "date": 1488288153,
    "date_ms": 1488288153406,
    "price": 1186.6800,
    "amount": 0.00720,
    "type": "buy",
    "tid": "862903"
  },
  {
    "date": 1488288127,
    "date_ms": 1488288127766,
    "price": 1187.7200,
    "amount": 0.01520,
    "type": "sell",
    "tid": "862902"
  },
  {
    "date": 1488288086,
    "date_ms": 1488288086736,
    "price": 1185.8000,
    "amount": 0.00640,
    "type": "buy",
    "tid": "862901"
  },
  {
    "date": 1488288066,
    "date_ms": 1488288066377,
    "price": 1186.0500,
    "amount": 0.01450,
    "type": "buy",
    "tid": "862900"
  },
  {
    "date": 1488288036,
    "date_ms": 1488288036564,
    "price": 1186.7900,
    "amount": 0.00570,
    "type": "sell",
    "tid": "862898"
  },
  {
    "date": 1488287993,
    "date_ms": 1488287993909,
    "price": 1185.1600,
    "amount": 0.01370,
    "type": "buy",
    "tid": "862897"
  },
  {
    "date": 1488287951,
    "date_ms": 1488287951066,
    "price": 1186.9200,
    "amount": 0.00490,
    "type": "sell",
    "tid": "862895"
  },
  {
    "date": 1488287926,
    "date_ms": 1488287926597,
    "price": 1185.8100,
    "amount": 0.01300,
    "type": "buy",
    "tid": "862894"
  },
  {
    "date": 1488287909,
    "date_ms": 1488287909035,
    "price": 1185.6400,
    "amount": 0.00420,
    "type": "buy",
    "tid": "862892"
  },
  {
    "date": 1488287866,
    "date_ms": 1488287866786,
    "price": 1185.6700,
    "amount": 0.01220,
    "type": "buy",
    "tid": "862891"
  },
  {
    "date": 1488287836,
    "date_ms": 1488287836849,
    "price": 1186.8600,
    "amount": 0.00340,
    "type": "sell",
    "tid": "862889"
  },
  {
    "date": 1488287817,
    "date_ms": 1488287817599,
    "price": 1186.6800,
    "amount": 0.01140,
    "type": "sell",
    "tid": "862888"
  },
  {
    "date": 1488287780,
    "date_ms": 1488287780131,
    "price": 1186.6900,
    "amount": 0.00260,
    "type": "sell",
    "tid": "862887"
  },
  {
    "date": 1488287755,
    "date_ms": 1488287755756,
    "price": 1186.8300,
    "amount": 0.01070,
    "type": "sell",
    "tid": "862886"
  },
  {
    "date": 1488287712,
    "date_ms": 1488287712288,
    "price": 1185.3700,
    "amount": 0.00190,
    "type": "buy",
    "tid": "862884"
  },
  {
    "date": 1488287672,
    "date_ms": 1488287672570,
    "price": 1185.0900,
    "amount": 0.00990,
    "type": "buy",
    "tid": "862883"
  },
  {
    "date": 1488287643,
    "date_ms": 1488287643024,
    "price": 1186.0600,
    "amount": 0.00110,
    "type": "buy",
    "tid": "862882"
  },
  {
    "date": 1488287609,
    "date_ms": 1488287609368,
    "price": 1186.3900,
    "amount": 0.01570,
    "type": "sell",
    "tid": "862880"
  },
  {
    "date": 1488287569,
    "date_ms": 1488287569931,
    "price": 1186.9300,
    "amount": 0.04000,
    "type": "sell",
    "tid": "862879"
  },
  {
    "date": 1488287548,
    "date_ms": 1488287548822,
    "price": 1186.0400,
    "amount": 0.01350,
    "type": "buy",
    "tid": "862878"
  },
  {
    "date": 1488287505,
    "date_ms": 1488287505494,
    "price": 1185.8900,
    "amount": 0.03780,
    "type": "buy",
    "tid": "862876"
  },
  {
    "date": 1488287464,
    "date_ms": 1488287464839,
    "price": 1185.2600,
    "amount": 0.01120,
    "type": "buy",
    "tid": "862874"
  },
  {
    "date": 1488287443,
    "date_ms": 1488287443058,
    "price": 1185.6900,
    "amount": 0.03550,
    "type": "buy",
    "tid": "862873"
  },
  {
    "date": 1488287424,
    "date_ms": 1488287424621,
    "price": 1185.9800,
    "amount": 0.00890,
    "type": "buy",
    "tid": "862872"
  },
  {
    "date": 1488287403,
    "date_ms": 1488287403980,
    "price": 1185.9100,
    "amount": 0.03320,
    "type": "buy",
    "tid": "862871"
  },
  {
    "date": 1488287376,
    "date_ms": 1488287376231,
    "price": 1185.4500,
    "amount": 0.00660,
    "type": "buy",
    "tid": "862869"
  },
  {
    "date": 1488287353,
    "date_ms": 1488287353950,
    "price": 1186.6300,
    "amount": 0.03090,
    "type": "sell",
    "tid": "862868"
  },
  {
    "date": 1488287328,
    "date_ms": 1488287328716,
    "price": 1186.2800,
    "amount": 0.00430,
    "type": "sell",
    "tid": "862867"
  },
  {
    "date": 1488287308,
    "date_ms": 1488287308091,
    "price": 1185.3800,
    "amount": 0.02860,
    "type": "buy",
    "tid": "862866"
  },
  {
    "date": 1488287281,
    "date_ms": 1488287281842,
    "price": 1187.0000,
    "amount": 0.00210,
    "type": "sell",
    "tid": "862864"
  },
  {
    "date": 1488287259,
    "date_ms": 1488287259389,
    "price": 1185.7100,
    "amount": 0.02640,
    "type": "buy",
    "tid": "862863"
  },
  {
    "date": 1488287232,
    "date_ms": 1488287232639,
    "price": 1185.3200,
    "amount": 0.05060,
    "type": "buy",
    "tid": "862862"
  },
  {
    "date": 1488287207,
    "date_ms": 1488287207577,
    "price": 1186.8600,
    "amount": 0.02410,
    "type": "sell",
    "tid": "862861"
  },
  {
    "date": 1488287172,
    "date_ms": 1488287172703,
    "price": 1186.4000,
    "amount": 0.04830,
    "type": "sell",
    "tid": "862859"
  },
  {
    "date": 1488287151,
    "date_ms": 1488287151515,
    "price": 1185.8000,
    "amount": 0.02180,
    "type": "buy",
    "tid": "862858"
  },
  {
    "date": 1488287113,
    "date_ms": 1488287113375,
    "price": 1186.5800,
    "amount": 0.04600,
    "type": "sell",
    "tid": "862857"
  },
  {
    "date": 1488287079,
    "date_ms": 1488287079735,
    "price": 1185.9500,
    "amount": 0.01950,
    "type": "buy",
    "tid": "862856"
  },
  {
    "date": 1488287043,
    "date_ms": 1488287043267,
    "price": 1186.5600,
    "amount": 0.04380,
    "type": "sell",
    "tid": "862854"
  },
  {
    "date": 1488287026,
    "date_ms": 1488287026799,
    "price": 1185.7700,
    "amount": 0.01720,
    "type": "buy",
    "tid": "862853"
  },
  {
    "date": 1488287001,
    "date_ms": 1488287001893,
    "price": 1185.6300,
    "amount": 0.04150,
    "type": "buy",
    "tid": "862852"
  },
  {
    "date": 1488286983,
    "date_ms": 1488286983643,
    "price": 1185.1400,
    "amount": 0.01500,
    "type": "buy",
    "tid": "862851"
  },
  {
    "date": 1488286947,
    "date_ms": 1488286947284,
    "price": 1186.5000,
    "amount": 0.03920,
    "type": "sell",
    "tid": "862849"
  },
  {
    "date": 1488286922,
    "date_ms": 1488286922769,
    "price": 1185.5100,
    "amount": 0.01270,
    "type": "buy",
    "tid": "862848"
  },
  {
    "date": 1488286881,
    "date_ms": 1488286881973,
    "price": 1185.6100,
    "amount": 0.03690,
    "type": "buy",
    "tid": "862846"
  },
  {
    "date": 1488286847,
    "date_ms": 1488286847926,
    "price": 1185.2600,
    "amount": 0.01040,
    "type": "buy",
    "tid": "862844"
  },
  {
    "date": 1488286810,
    "date_ms": 1488286810771,
    "price": 1187.0500,
    "amount": 0.03470,
    "type": "sell",
    "tid": "862843"
  },
  {
    "date": 1488286782,
    "date_ms": 1488286782162,
    "price": 1185.7800,
    "amount": 0.00810,
    "type": "buy",
    "tid": "862842"
  },
  {
    "date": 1488286759,
    "date_ms": 1488286759412,
    "price": 1186.6700,
    "amount": 0.03240,
    "type": "sell",
    "tid": "862840"
  },
  {
    "date": 1488286736,
    "date_ms": 1488286736225,
    "price": 1186.7900,
    "amount": 0.00580,
    "type": "sell",
    "tid": "862839"
  },
  {
    "date": 1488286717,
    "date_ms": 1488286717350,
    "price": 1186.5000,
    "amount": 0.03010,
    "type": "sell",
    "tid": "862838"
  },
  {
    "date": 1488286684,
    "date_ms": 1488286684601,
    "price": 1186.2500,
    "amount": 0.00360,
    "type": "sell",
    "tid": "862836"
  },
  {
    "date": 1488286654,
    "date_ms": 1488286654929,
    "price": 1186.1800,
    "amount": 0.02780,
    "type": "sell",
    "tid": "862835"
  },
  {
    "date": 1488286627,
    "date_ms": 1488286627430,
    "price": 1185.2800,
    "amount": 0.12420,
    "type": "buy",
    "tid": "862834"
  },
  {
    "date": 1488286603,
    "date_ms": 1488286603289,
    "price": 1186.1100,
    "amount": 0.03690,
    "type": "sell",
    "tid": "862832"
  },
  {
    "date": 1488286569,
    "date_ms": 1488286569524,
    "price": 1185.7300,
    "amount": 0.11670,
    "type": "sell",
    "tid": "862831"
  },
  {
    "date": 1488286551,
    "date_ms": 1488286551134,
    "price": 1186.0100,
    "amount": 0.02940,
    "type": "sell",
    "tid": "862830"
  },
  {
    "date": 1488286523,
    "date_ms": 1488286523181,
    "price": 1185.5500,
    "amount": 0.10910,
    "type": "buy",
    "tid": "862829"
  },
  {
    "date": 1488286485,
    "date_ms": 1488286485026,
    "price": 1185.9400,
    "amount": 0.02190,
    "type": "sell",
    "tid": "862827"
  },
  {
    "date": 1488286448,
    "date_ms": 1488286448307,
    "price": 1185.8800,
    "amount": 0.10160,
    "type": "sell",
    "tid": "862826"
  },
  {
    "date": 1488286406,
    "date_ms": 1488286406949,
    "price": 1185.2800,
    "amount": 0.01430,
    "type": "buy",
    "tid": "862825"
  },
  {
    "date": 1488286377,
    "date_ms": 1488286377418,
    "price": 1186.6400,
    "amount": 0.09410,
    "type": "sell",
    "tid": "862823"
  },
  {
    "date": 1488286350,
    "date_ms": 1488286350200,
    "price": 1185.9200,
    "amount": 0.00700,
    "type": "sell",
    "tid": "862822"
  },
  {
    "date": 1488286312,
    "date_ms": 1488286312278,
    "price": 1186.4300,
    "amount": 0.08670,
    "type": "sell",
    "tid": "862821"
  },
  {
    "date": 1488286293,
    "date_ms": 1488286293794,
    "price": 1185.0400,
    "amount": 0.16650,
    "type": "buy",
    "tid": "862820"
  },
  {
    "date": 1488286255,
    "date_ms": 1488286255670,
    "price": 1184.3600,
    "amount": 0.07920,
    "type": "buy",
    "tid": "862818"
  },
  {
    "date": 1488286226,
    "date_ms": 1488286226733,
    "price": 1185.8800,
    "amount": 0.15900,
    "type": "sell",
    "tid": "862817"
  },
  {
    "date": 1488286197,
    "date_ms": 1488286197827,
    "price": 1185.9300,
    "amount": 0.07170,
    "type": "sell",
    "tid": "862816"
  },
  {
    "date": 1488286171,
    "date_ms": 1488286171030,
    "price": 1186.4200,
    "amount": 0.15150,
    "type": "sell",
    "tid": "862814"
  },
  {
    "date": 1488286142,
    "date_ms": 1488286142718,
    "price": 1186.0400,
    "amount": 0.06420,
    "type": "sell",
    "tid": "862813"
  },
  {
    "date": 1488286118,
    "date_ms": 1488286118234,
    "price": 1185.5700,
    "amount": 0.14390,
    "type": "buy",
    "tid": "862812"
  },
  {
    "date": 1488286098,
    "date_ms": 1488286098219,
    "price": 1185.6900,
    "amount": 0.05660,
    "type": "buy",
    "tid": "862810"
  },
  {
    "date": 1488286060,
    "date_ms": 1488286060220,
    "price": 1186.4200,
    "amount": 0.13660,
    "type": "buy",
    "tid": "862809"
  },
  {
    "date": 1488286022,
    "date_ms": 1488286022111,
    "price": 1186.9100,
    "amount": 0.04930,
    "type": "sell",
    "tid": "862808"
  },
  {
    "date": 1488286001,
    "date_ms": 1488286001095,
    "price": 1186.6700,
    "amount": 0.12900,
    "type": "buy",
    "tid": "862807"
  },
  {
    "date": 1488285981,
    "date_ms": 1488285981596,
    "price": 1187.5600,
    "amount": 0.04180,
    "type": "sell",
    "tid": "862805"
  },
  {
    "date": 1488285962,
    "date_ms": 1488285962487,
    "price": 1187.7100,
    "amount": 0.12150,
    "type": "sell",
    "tid": "862804"
  },
  {
    "date": 1488285929,
    "date_ms": 1488285929972,
    "price": 1187.1100,
    "amount": 0.03420,
    "type": "sell",
    "tid": "862803"
  },
  {
    "date": 1488285902,
    "date_ms": 1488285902675,
    "price": 1186.5800,
    "amount": 0.11400,
    "type": "buy",
    "tid": "862801"
  },
  {
    "date": 1488285870,
    "date_ms": 1488285870879,
    "price": 1187.3600,
    "amount": 0.02670,
    "type": "sell",
    "tid": "862800"
  },
  {
    "date": 1488285843,
    "date_ms": 1488285843520,
    "price": 1186.2300,
    "amount": 0.10650,
    "type": "buy",
    "tid": "862799"
  },
  {
    "date": 1488285812,
    "date_ms": 1488285812098,
    "price": 1186.6300,
    "amount": 0.01920,
    "type": "sell",
    "tid": "862798"
  },
  {
    "date": 1488285779,
    "date_ms": 1488285779505,
    "price": 1186.0600,
    "amount": 0.09890,
    "type": "buy",
    "tid": "862796"
  },
  {
    "date": 1488285736,
    "date_ms": 1488285736943,
    "price": 1186.6800,
    "amount": 0.01180,
    "type": "sell",
    "tid": "862794"
  },
  {
    "date": 1488285705,
    "date_ms": 1488285705053,
    "price": 1186.2900,
    "amount": 0.09160,
    "type": "buy",
    "tid": "862793"
  },
  {
    "date": 1488285670,
    "date_ms": 1488285670319,
    "price": 1187.0400,
    "amount": 0.00430,
    "type": "sell",
    "tid": "862792"
  },
  {
    "date": 1488285630,
    "date_ms": 1488285630117,
    "price": 1185.8300,
    "amount": 0.00840,
    "type": "buy",
    "tid": "862790"
  },
  {
    "date": 1488285595,
    "date_ms": 1488285595492,
    "price": 1187.0800,
    "amount": 0.00250,
    "type": "sell",
    "tid": "862789"
  },
  {
    "date": 1488285575,
    "date_ms": 1488285575758,
    "price": 1186.0500,
    "amount": 0.00790,
    "type": "buy",
    "tid": "862788"
  },
  {
    "date": 1488285544,
    "date_ms": 1488285544774,
    "price": 1186.3800,
    "amount": 0.00200,
    "type": "buy",
    "tid": "862786"
  },
  {
    "date": 1488285518,
    "date_ms": 1488285518462,
    "price": 1187.0200,
    "amount": 0.00740,
    "type": "sell",
    "tid": "862785"
  },
  {
    "date": 1488285479,
    "date_ms": 1488285479838,
    "price": 1185.6000,
    "amount": 0.00140,
    "type": "buy",
    "tid": "862784"
  },
  {
    "date": 1488285461,
    "date_ms": 1488285461979,
    "price": 1186.0300,
    "amount": 0.00690,
    "type": "buy",
    "tid": "862782"
  },
  {
    "date": 1488285402,
    "date_ms": 1488285402683,
    "price": 1186.4300,
    "amount": 0.00640,
    "type": "buy",
    "tid": "862781"
  },
  {
    "date": 1488285347,
    "date_ms": 1488285347480,
    "price": 1186.3900,
    "amount": 0.00590,
    "type": "buy",
    "tid": "862779"
  },
  {
    "date": 1488285320,
    "date_ms": 1488285320121,
    "price": 1186.2200,
    "amount": 0.01130,
    "type": "buy",
    "tid": "862778"
  },
  {
    "date": 1488285284,
    "date_ms": 1488285284747,
    "price": 1187.1200,
    "amount": 0.00540,
    "type": "sell",
    "tid": "862776"
  },
  {
    "date": 1488285258,
    "date_ms": 1488285258122,
    "price": 1187.2600,
    "amount": 0.01080,
    "type": "sell",
    "tid": "862775"
  },
  {
    "date": 1488285233,
    "date_ms": 1488285233326,
    "price": 1185.9900,
    "amount": 0.00480,
    "type": "buy",
    "tid": "862774"
  },
  {
    "date": 1488285207,
    "date_ms": 1488285207936,
    "price": 1187.2700,
    "amount": 0.01030,
    "type": "sell",
    "tid": "862772"
  },
  {
    "date": 1488285178,
    "date_ms": 1488285178920,
    "price": 1185.8800,
    "amount": 0.00430,
    "type": "buy",
    "tid": "862771"
  },
  {
    "date": 1488285154,
    "date_ms": 1488285154827,
    "price": 1185.8900,
    "amount": 0.00980,
    "type": "buy",
    "tid": "862770"
  },
  {
    "date": 1488285128,
    "date_ms": 1488285128765,
    "price": 1186.1000,
    "amount": 0.00380,
    "type": "buy",
    "tid": "862768"
  },
  {
    "date": 1488285102,
    "date_ms": 1488285102094,
    "price": 1186.9300,
    "amount": 0.00930,
    "type": "sell",
    "tid": "862767"
  },
  {
    "date": 1488285062,
    "date_ms": 1488285062500,
    "price": 1186.4000,
    "amount": 0.00330,
    "type": "buy",
    "tid": "862766"
  },
  {
    "date": 1488285021,
    "date_ms": 1488285021048,
    "price": 1186.4000,
    "amount": 0.00880,
    "type": "buy",
    "tid": "862764"
  },
  {
    "date": 1488284995,
    "date_ms": 1488284995689,
    "price": 1186.1900,
    "amount": 0.00280,
    "type": "buy",
    "tid": "862763"
  },
  {
    "date": 1488284976,
    "date_ms": 1488284976361,
    "price": 1186.5500,
    "amount": 0.00830,
    "type": "sell",
    "tid": "862762"
  },
  {
    "date": 1488284937,
    "date_ms": 1488284937987,
    "price": 1186.8000,
    "amount": 0.00230,
    "type": "sell",
    "tid": "862760"
  },
  {
    "date": 1488284906,
    "date_ms": 1488284906581,
    "price": 1185.9100,
    "amount": 0.00770,
    "type": "buy",
    "tid": "862759"
  },
  {
    "date": 1488284879,
    "date_ms": 1488284879034,
    "price": 1186.6900,
    "amount": 0.00180,
    "type": "sell",
    "tid": "862757"
  },
  {
    "date": 1488284849,
    "date_ms": 1488284849519,
    "price": 1186.7600,
    "amount": 0.00720,
    "type": "sell",
    "tid": "862756"
  },
  {
    "date": 1488284808,
    "date_ms": 1488284808364,
    "price": 1185.5100,
    "amount": 0.00130,
    "type": "buy",
    "tid": "862754"
  },
  {
    "date": 1488284784,
    "date_ms": 1488284784317,
    "price": 1186.8300,
    "amount": 0.00670,
    "type": "sell",
    "tid": "862753"
  },
  {
    "date": 1488284718,
    "date_ms": 1488284718787,
    "price": 1185.9100,
    "amount": 0.00620,
    "type": "buy",
    "tid": "862751"
  },
  {
    "date": 1488284662,
    "date_ms": 1488284662616,
    "price": 1187.3300,
    "amount": 0.00570,
    "type": "sell",
    "tid": "862750"
  },
  {
    "date": 1488284631,
    "date_ms": 1488284631726,
    "price": 1185.7600,
    "amount": 0.02820,
    "type": "buy",
    "tid": "862748"
  },
  {
    "date": 1488284602,
    "date_ms": 1488284602273,
    "price": 1186.5700,
    "amount": 0.00830,
    "type": "sell",
    "tid": "862747"
  },
  {
    "date": 1488284586,
    "date_ms": 1488284586336,
    "price": 1186.9600,
    "amount": 0.02650,
    "type": "sell",
    "tid": "862746"
  },
  {
    "date": 1488284567,
    "date_ms": 1488284567617,
    "price": 1185.4800,
    "amount": 0.00660,
    "type": "buy",
    "tid": "862744"
  },
  {
    "date": 1488284534,
    "date_ms": 1488284534055,
    "price": 1185.4000,
    "amount": 0.02480,
    "type": "buy",
    "tid": "862743"
  },
  {
    "date": 1488284503,
    "date_ms": 1488284503853,
    "price": 1186.2200,
    "amount": 0.00490,
    "type": "buy",
    "tid": "862742"
  },
  {
    "date": 1488284482,
    "date_ms": 1488284482697,
    "price": 1186.3800,
    "amount": 0.02310,
    "type": "sell",
    "tid": "862740"
  },
  {
    "date": 1488284463,
    "date_ms": 1488284463541,
    "price": 1186.0300,
    "amount": 0.00320,
    "type": "buy",
    "tid": "862739"
  },
  {
    "date": 1488284429,
    "date_ms": 1488284429119,
    "price": 1187.1400,
    "amount": 0.02130,
    "type": "sell",
    "tid": "862738"
  },
  {
    "date": 1488284392,
    "date_ms": 1488284392979,
    "price": 1186.8600,
    "amount": 0.00150,
    "type": "sell",
    "tid": "862737"
  },
  {
    "date": 1488284351,
    "date_ms": 1488284351933,
    "price": 1185.6800,
    "amount": 0.01970,
    "type": "buy",
    "tid": "862735"
  },
  {
    "date": 1488284329,
    "date_ms": 1488284329418,
    "price": 1186.0900,
    "amount": 0.03780,
    "type": "buy",
    "tid": "862734"
  },
  {
    "date": 1488284305,
    "date_ms": 1488284305824,
    "price": 1185.3100,
    "amount": 0.01800,
    "type": "buy",
    "tid": "862732"
  },
  {
    "date": 1488284286,
    "date_ms": 1488284286356,
    "price": 1186.8800,
    "amount": 0.03610,
    "type": "sell",
    "tid": "862731"
  },
  {
    "date": 1488284253,
    "date_ms": 1488284253013,
    "price": 1185.6200,
    "amount": 0.01630,
    "type": "buy",
    "tid": "862730"
  },
  {
    "date": 1488284228,
    "date_ms": 1488284228779,
    "price": 1185.5600,
    "amount": 0.03440,
    "type": "buy",
    "tid": "862728"
  },
  {
    "date": 1488284212,
    "date_ms": 1488284212888,
    "price": 1185.7400,
    "amount": 0.01450,
    "type": "sell",
    "tid": "862727"
  },
  {
    "date": 1488284171,
    "date_ms": 1488284171905,
    "price": 1186.8200,
    "amount": 0.03270,
    "type": "sell",
    "tid": "862726"
  },
  {
    "date": 1488284135,
    "date_ms": 1488284135983,
    "price": 1185.9300,
    "amount": 0.01280,
    "type": "sell",
    "tid": "862725"
  },
  {
    "date": 1488284104,
    "date_ms": 1488284104468,
    "price": 1185.1600,
    "amount": 0.03100,
    "type": "buy",
    "tid": "862723"
  },
  {
    "date": 1488284074,
    "date_ms": 1488284074890,
    "price": 1185.4800,
    "amount": 0.01120,
    "type": "buy",
    "tid": "862722"
  },
  {
    "date": 1488284039,
    "date_ms": 1488284039969,
    "price": 1185.2000,
    "amount": 0.02930,
    "type": "buy",
    "tid": "862721"
  },
  {
    "date": 1488284009,
    "date_ms": 1488284009688,
    "price": 1185.3100,
    "amount": 0.00950,
    "type": "buy",
    "tid": "862719"
  },
  {
    "date": 1488283987,
    "date_ms": 1488283987407,
    "price": 1185.1400,
    "amount": 0.02760,
    "type": "buy",
    "tid": "862718"
  },
  {
    "date": 1488283954,
    "date_ms": 1488283954017,
    "price": 1185.9800,
    "amount": 0.00770,
    "type": "sell",
    "tid": "862717"
  },
  {
    "date": 1488283932,
    "date_ms": 1488283932455,
    "price": 1184.8500,
    "amount": 0.02590,
    "type": "buy",
    "tid": "862715"
  },
  {
    "date": 1488283892,
    "date_ms": 1488283892831,
    "price": 1186.4700,
    "amount": 0.00600,
    "type": "sell",
    "tid": "862714"
  },
  {
    "date": 1488283856,
    "date_ms": 1488283856862,
    "price": 1186.1700,
    "amount": 0.02420,
    "type": "buy",
    "tid": "862713"
  },
  {
    "date": 1488283827,
    "date_ms": 1488283827722,
    "price": 1186.7200,
    "amount": 0.00430,
    "type": "sell",
    "tid": "862711"
  },
  {
    "date": 1488283798,
    "date_ms": 1488283798020,
    "price": 1186.1800,
    "amount": 0.02240,
    "type": "buy",
    "tid": "862710"
  },
  {
    "date": 1488283779,
    "date_ms": 1488283779692,
    "price": 1186.9100,
    "amount": 0.00260,
    "type": "sell",
    "tid": "862709"
  },
  {
    "date": 1488283757,
    "date_ms": 1488283757473,
    "price": 1186.1200,
    "amount": 0.02080,
    "type": "buy",
    "tid": "862707"
  },
  {
    "date": 1488283685,
    "date_ms": 1488283685349,
    "price": 1185.9700,
    "amount": 0.01910,
    "type": "buy",
    "tid": "862706"
  },
  {
    "date": 1488283653,
    "date_ms": 1488283653569,
    "price": 1186.0700,
    "amount": 0.03720,
    "type": "buy",
    "tid": "862704"
  },
  {
    "date": 1488283351,
    "date_ms": 1488283351323,
    "price": 1185.8300,
    "amount": 0.00110,
    "type": "buy",
    "tid": "862699"
  },
  {
    "date": 1488283300,
    "date_ms": 1488283300340,
    "price": 1185.4400,
    "amount": 0.00100,
    "type": "buy",
    "tid": "862698"
  },
  {
    "date": 1488283248,
    "date_ms": 1488283248372,
    "price": 1186.3700,
    "amount": 0.00100,
    "type": "sell",
    "tid": "862696"
  },
  {
    "date": 1488282660,
    "date_ms": 1488282660568,
    "price": 1186.3900,
    "amount": 0.00110,
    "type": "sell",
    "tid": "862689"
  },
  {
    "date": 1488282607,
    "date_ms": 1488282607522,
    "price": 1186.4700,
    "amount": 0.01580,
    "type": "sell",
    "tid": "862687"
  },
  {
    "date": 1488282591,
    "date_ms": 1488282591038,
    "price": 1185.0400,
    "amount": 0.00390,
    "type": "buy",
    "tid": "862686"
  },
  {
    "date": 1488282557,
    "date_ms": 1488282557929,
    "price": 1184.9800,
    "amount": 0.01470,
    "type": "buy",
    "tid": "862685"
  },
  {
    "date": 1488282533,
    "date_ms": 1488282533461,
    "price": 1186.1900,
    "amount": 0.00290,
    "type": "sell",
    "tid": "862684"
  },
  {
    "date": 1488282514,
    "date_ms": 1488282514039,
    "price": 1185.5200,
    "amount": 0.01370,
    "type": "buy",
    "tid": "862682"
  },
  {
    "date": 1488282494,
    "date_ms": 1488282494961,
    "price": 1185.8100,
    "amount": 0.00190,
    "type": "sell",
    "tid": "862681"
  },
  {
    "date": 1488282470,
    "date_ms": 1488282470180,
    "price": 1185.7400,
    "amount": 0.01270,
    "type": "sell",
    "tid": "862680"
  },
  {
    "date": 1488282409,
    "date_ms": 1488282409088,
    "price": 1186.3000,
    "amount": 0.01170,
    "type": "buy",
    "tid": "862678"
  },
  {
    "date": 1488282378,
    "date_ms": 1488282378354,
    "price": 1186.5900,
    "amount": 0.02250,
    "type": "buy",
    "tid": "862677"
  },
  {
    "date": 1488282352,
    "date_ms": 1488282352401,
    "price": 1187.1200,
    "amount": 0.01070,
    "type": "buy",
    "tid": "862676"
  },
  {
    "date": 1488282329,
    "date_ms": 1488282329979,
    "price": 1187.2400,
    "amount": 0.02150,
    "type": "sell",
    "tid": "862675"
  },
  {
    "date": 1488282300,
    "date_ms": 1488282300074,
    "price": 1186.5600,
    "amount": 0.00970,
    "type": "buy",
    "tid": "862673"
  },
  {
    "date": 1488282273,
    "date_ms": 1488282273621,
    "price": 1187.0800,
    "amount": 0.02050,
    "type": "buy",
    "tid": "862672"
  },
  {
    "date": 1488282231,
    "date_ms": 1488282231106,
    "price": 1188.0100,
    "amount": 0.00860,
    "type": "sell",
    "tid": "862671"
  },
  {
    "date": 1488282213,
    "date_ms": 1488282213606,
    "price": 1187.5800,
    "amount": 0.01940,
    "type": "sell",
    "tid": "862670"
  },
  {
    "date": 1488282189,
    "date_ms": 1488282189810,
    "price": 1187.8000,
    "amount": 0.00760,
    "type": "sell",
    "tid": "862668"
  },
  {
    "date": 1488282160,
    "date_ms": 1488282160232,
    "price": 1187.8400,
    "amount": 0.01850,
    "type": "sell",
    "tid": "862667"
  },
  {
    "date": 1488282130,
    "date_ms": 1488282130764,
    "price": 1188.0500,
    "amount": 0.00660,
    "type": "sell",
    "tid": "862665"
  },
  {
    "date": 1488282094,
    "date_ms": 1488282094499,
    "price": 1186.9800,
    "amount": 0.01740,
    "type": "buy",
    "tid": "862664"
  },
  {
    "date": 1488282076,
    "date_ms": 1488282076874,
    "price": 1188.1700,
    "amount": 0.00560,
    "type": "sell",
    "tid": "862663"
  },
  {
    "date": 1488282054,
    "date_ms": 1488282054124,
    "price": 1187.2100,
    "amount": 0.01640,
    "type": "sell",
    "tid": "862661"
  },
  {
    "date": 1488282031,
    "date_ms": 1488282031656,
    "price": 1186.8100,
    "amount": 0.00460,
    "type": "buy",
    "tid": "862660"
  },
  {
    "date": 1488282014,
    "date_ms": 1488282014578,
    "price": 1187.9200,
    "amount": 0.01540,
    "type": "sell",
    "tid": "862659"
  },
  {
    "date": 1488281980,
    "date_ms": 1488281980703,
    "price": 1186.9300,
    "amount": 0.00360,
    "type": "buy",
    "tid": "862658"
  },
  {
    "date": 1488281939,
    "date_ms": 1488281939548,
    "price": 1186.5700,
    "amount": 0.01440,
    "type": "buy",
    "tid": "862656"
  },
  {
    "date": 1488281901,
    "date_ms": 1488281901455,
    "price": 1187.2900,
    "amount": 0.00260,
    "type": "sell",
    "tid": "862655"
  },
  {
    "date": 1488281859,
    "date_ms": 1488281859237,
    "price": 1186.9800,
    "amount": 0.01340,
    "type": "buy",
    "tid": "862653"
  },
  {
    "date": 1488281828,
    "date_ms": 1488281828221,
    "price": 1187.0900,
    "amount": 0.00160,
    "type": "buy",
    "tid": "862652"
  },
  {
    "date": 1488281798,
    "date_ms": 1488281798769,
    "price": 1187.1600,
    "amount": 0.01240,
    "type": "buy",
    "tid": "862651"
  },
  {
    "date": 1488281736,
    "date_ms": 1488281736551,
    "price": 1187.0800,
    "amount": 0.01130,
    "type": "buy",
    "tid": "862649"
  },
  {
    "date": 1488281710,
    "date_ms": 1488281710770,
    "price": 1186.9000,
    "amount": 0.02210,
    "type": "buy",
    "tid": "862648"
  },
  {
    "date": 1488281683,
    "date_ms": 1488281683224,
    "price": 1186.7200,
    "amount": 0.01030,
    "type": "buy",
    "tid": "862646"
  },
  {
    "date": 1488281640,
    "date_ms": 1488281640052,
    "price": 1186.4500,
    "amount": 0.02110,
    "type": "buy",
    "tid": "862645"
  },
  {
    "date": 1488281572,
    "date_ms": 1488281572178,
    "price": 1186.1900,
    "amount": 0.00380,
    "type": "buy",
    "tid": "862643"
  },
  {
    "date": 1488281497,
    "date_ms": 1488281497180,
    "price": 1187.7800,
    "amount": 0.00350,
    "type": "sell",
    "tid": "862641"
  },
  {
    "date": 1488281425,
    "date_ms": 1488281425243,
    "price": 1186.7800,
    "amount": 0.00330,
    "type": "buy",
    "tid": "862640"
  },
  {
    "date": 1488281395,
    "date_ms": 1488281395103,
    "price": 1186.8600,
    "amount": 0.00630,
    "type": "buy",
    "tid": "862638"
  },
  {
    "date": 1488281367,
    "date_ms": 1488281367307,
    "price": 1186.7800,
    "amount": 0.00300,
    "type": "buy",
    "tid": "862637"
  },
  {
    "date": 1488281333,
    "date_ms": 1488281333854,
    "price": 1186.4400,
    "amount": 0.00600,
    "type": "buy",
    "tid": "862635"
  },
  {
    "date": 1488281305,
    "date_ms": 1488281305917,
    "price": 1186.8800,
    "amount": 0.00270,
    "type": "sell",
    "tid": "862634"
  },
  {
    "date": 1488281270,
    "date_ms": 1488281270027,
    "price": 1186.6200,
    "amount": 0.00570,
    "type": "buy",
    "tid": "862633"
  },
  {
    "date": 1488281229,
    "date_ms": 1488281229981,
    "price": 1185.8900,
    "amount": 0.00240,
    "type": "buy",
    "tid": "862631"
  },
  {
    "date": 1488281187,
    "date_ms": 1488281187606,
    "price": 1188.3400,
    "amount": 0.00540,
    "type": "sell",
    "tid": "862629"
  },
  {
    "date": 1488281165,
    "date_ms": 1488281165013,
    "price": 1187.2600,
    "amount": 0.00210,
    "type": "buy",
    "tid": "862627"
  },
  {
    "date": 1488281131,
    "date_ms": 1488281131091,
    "price": 1189.1400,
    "amount": 0.00520,
    "type": "sell",
    "tid": "862626"
  },
  {
    "date": 1488281091,
    "date_ms": 1488281091655,
    "price": 1189.0300,
    "amount": 0.00180,
    "type": "sell",
    "tid": "862625"
  },
  {
    "date": 1488281074,
    "date_ms": 1488281074436,
    "price": 1189.1700,
    "amount": 0.00490,
    "type": "sell",
    "tid": "862624"
  },
  {
    "date": 1488281047,
    "date_ms": 1488281047593,
    "price": 1189.1000,
    "amount": 0.00150,
    "type": "sell",
    "tid": "862622"
  },
  {
    "date": 1488281021,
    "date_ms": 1488281021781,
    "price": 1188.6800,
    "amount": 0.00460,
    "type": "buy",
    "tid": "862621"
  },
  {
    "date": 1488280987,
    "date_ms": 1488280987953,
    "price": 1189.6800,
    "amount": 0.00130,
    "type": "sell",
    "tid": "862620"
  },
  {
    "date": 1488280956,
    "date_ms": 1488280956078,
    "price": 1188.8300,
    "amount": 0.00430,
    "type": "sell",
    "tid": "862618"
  },
  {
    "date": 1488280930,
    "date_ms": 1488280930188,
    "price": 1188.2200,
    "amount": 0.00100,
    "type": "buy",
    "tid": "862617"
  },
  {
    "date": 1488280887,
    "date_ms": 1488280887111,
    "price": 1189.9300,
    "amount": 0.00400,
    "type": "sell",
    "tid": "862615"
  },
  {
    "date": 1488280820,
    "date_ms": 1488280820815,
    "price": 1189.6500,
    "amount": 0.00370,
    "type": "sell",
    "tid": "862613"
  },
  {
    "date": 1488280766,
    "date_ms": 1488280766206,
    "price": 1188.6500,
    "amount": 0.00340,
    "type": "buy",
    "tid": "862612"
  },
  {
    "date": 1488280715,
    "date_ms": 1488280715676,
    "price": 1188.6800,
    "amount": 0.00320,
    "type": "buy",
    "tid": "862610"
  },
  {
    "date": 1488280692,
    "date_ms": 1488280692801,
    "price": 1188.5800,
    "amount": 0.00620,
    "type": "buy",
    "tid": "862609"
  },
  {
    "date": 1488280674,
    "date_ms": 1488280674427,
    "price": 1188.6200,
    "amount": 0.00290,
    "type": "buy",
    "tid": "862608"
  },
  {
    "date": 1488280652,
    "date_ms": 1488280652458,
    "price": 1189.8000,
    "amount": 0.00590,
    "type": "sell",
    "tid": "862607"
  },
  {
    "date": 1488280630,
    "date_ms": 1488280630677,
    "price": 1190.2000,
    "amount": 0.00260,
    "type": "sell",
    "tid": "862605"
  },
  {
    "date": 1488280603,
    "date_ms": 1488280603287,
    "price": 1189.6300,
    "amount": 0.00760,
    "type": "sell",
    "tid": "862604"
  },
  {
    "date": 1488280578,
    "date_ms": 1488280578615,
    "price": 1189.3100,
    "amount": 0.00150,
    "type": "sell",
    "tid": "862603"
  },
  {
    "date": 1488280543,
    "date_ms": 1488280543350,
    "price": 1188.8900,
    "amount": 0.00700,
    "type": "buy",
    "tid": "862601"
  },
  {
    "date": 1488280527,
    "date_ms": 1488280527116,
    "price": 1189.1100,
    "amount": 0.00100,
    "type": "buy",
    "tid": "862600"
  },
  {
    "date": 1488280509,
    "date_ms": 1488280509382,
    "price": 1190.2800,
    "amount": 0.00650,
    "type": "sell",
    "tid": "862599"
  },
  {
    "date": 1488280458,
    "date_ms": 1488280458227,
    "price": 1188.5400,
    "amount": 0.00600,
    "type": "buy",
    "tid": "862597"
  },
  {
    "date": 1488280437,
    "date_ms": 1488280437196,
    "price": 1189.6500,
    "amount": 0.01160,
    "type": "sell",
    "tid": "862596"
  },
  {
    "date": 1488280403,
    "date_ms": 1488280403571,
    "price": 1189.5800,
    "amount": 0.00550,
    "type": "sell",
    "tid": "862595"
  },
  {
    "date": 1488280382,
    "date_ms": 1488280382259,
    "price": 1190.2600,
    "amount": 0.01100,
    "type": "sell",
    "tid": "862593"
  },
  {
    "date": 1488280357,
    "date_ms": 1488280357275,
    "price": 1189.8400,
    "amount": 0.00490,
    "type": "sell",
    "tid": "862592"
  },
  {
    "date": 1488280320,
    "date_ms": 1488280320557,
    "price": 1189.9200,
    "amount": 0.01050,
    "type": "sell",
    "tid": "862591"
  },
  {
    "date": 1488280294,
    "date_ms": 1488280294057,
    "price": 1189.4600,
    "amount": 0.00440,
    "type": "sell",
    "tid": "862589"
  },
  {
    "date": 1488280264,
    "date_ms": 1488280264823,
    "price": 1188.9600,
    "amount": 0.01000,
    "type": "sell",
    "tid": "862588"
  },
  {
    "date": 1488280224,
    "date_ms": 1488280224402,
    "price": 1189.2200,
    "amount": 0.00390,
    "type": "sell",
    "tid": "862587"
  },
  {
    "date": 1488280180,
    "date_ms": 1488280180825,
    "price": 1189.6200,
    "amount": 0.00950,
    "type": "sell",
    "tid": "862585"
  },
  {
    "date": 1488280164,
    "date_ms": 1488280164762,
    "price": 1188.4100,
    "amount": 0.00340,
    "type": "buy",
    "tid": "862584"
  },
  {
    "date": 1488280145,
    "date_ms": 1488280145419,
    "price": 1188.9500,
    "amount": 0.00890,
    "type": "sell",
    "tid": "862582"
  },
  {
    "date": 1488280106,
    "date_ms": 1488280106591,
    "price": 1188.9500,
    "amount": 0.00290,
    "type": "sell",
    "tid": "862581"
  },
  {
    "date": 1488280088,
    "date_ms": 1488280088592,
    "price": 1187.7700,
    "amount": 0.00840,
    "type": "buy",
    "tid": "862580"
  },
  {
    "date": 1488280054,
    "date_ms": 1488280054311,
    "price": 1188.9900,
    "amount": 0.00230,
    "type": "sell",
    "tid": "862579"
  },
  {
    "date": 1488280030,
    "date_ms": 1488280030405,
    "price": 1188.7800,
    "amount": 0.00790,
    "type": "sell",
    "tid": "862577"
  },
  {
    "date": 1488280003,
    "date_ms": 1488280003030,
    "price": 1189.6000,
    "amount": 0.00180,
    "type": "sell",
    "tid": "862576"
  },
  {
    "date": 1488279981,
    "date_ms": 1488279981828,
    "price": 1188.8900,
    "amount": 0.00740,
    "type": "sell",
    "tid": "862575"
  },
  {
    "date": 1488279952,
    "date_ms": 1488279952469,
    "price": 1188.5700,
    "amount": 0.00130,
    "type": "buy",
    "tid": "862574"
  },
  {
    "date": 1488279917,
    "date_ms": 1488279917469,
    "price": 1187.7900,
    "amount": 0.00680,
    "type": "buy",
    "tid": "862572"
  },
  {
    "date": 1488279870,
    "date_ms": 1488279870595,
    "price": 1188.5900,
    "amount": 0.00630,
    "type": "buy",
    "tid": "862571"
  },
  {
    "date": 1488279811,
    "date_ms": 1488279811362,
    "price": 1188.4100,
    "amount": 0.00580,
    "type": "buy",
    "tid": "862569"
  },
  {
    "date": 1488279786,
    "date_ms": 1488279786190,
    "price": 1187.9500,
    "amount": 0.01140,
    "type": "buy",
    "tid": "862568"
  },
  {
    "date": 1488279748,
    "date_ms": 1488279748503,
    "price": 1189.3900,
    "amount": 0.00530,
    "type": "sell",
    "tid": "862566"
  },
  {
    "date": 1488279706,
    "date_ms": 1488279706019,
    "price": 1188.6700,
    "amount": 0.01080,
    "type": "buy",
    "tid": "862565"
  },
  {
    "date": 1488279678,
    "date_ms": 1488279678410,
    "price": 1189.5000,
    "amount": 0.00480,
    "type": "sell",
    "tid": "862564"
  },
  {
    "date": 1488279647,
    "date_ms": 1488279647395,
    "price": 1188.0300,
    "amount": 0.01030,
    "type": "buy",
    "tid": "862562"
  },
  {
    "date": 1488279618,
    "date_ms": 1488279618396,
    "price": 1189.3600,
    "amount": 0.00300,
    "type": "sell",
    "tid": "862561"
  },
  {
    "date": 1488279534,
    "date_ms": 1488279534303,
    "price": 1189.3400,
    "amount": 0.00280,
    "type": "sell",
    "tid": "862559"
  },
  {
    "date": 1488279496,
    "date_ms": 1488279496538,
    "price": 1188.1700,
    "amount": 0.00260,
    "type": "buy",
    "tid": "862558"
  },
  {
    "date": 1488279449,
    "date_ms": 1488279449258,
    "price": 1189.0000,
    "amount": 0.00240,
    "type": "sell",
    "tid": "862556"
  },
  {
    "date": 1488279417,
    "date_ms": 1488279417774,
    "price": 1189.4400,
    "amount": 0.00470,
    "type": "sell",
    "tid": "862554"
  },
  {
    "date": 1488279375,
    "date_ms": 1488279375946,
    "price": 1189.3700,
    "amount": 0.00220,
    "type": "buy",
    "tid": "862553"
  },
  {
    "date": 1488279357,
    "date_ms": 1488279357697,
    "price": 1189.2900,
    "amount": 0.00450,
    "type": "buy",
    "tid": "862552"
  },
  {
    "date": 1488279336,
    "date_ms": 1488279336041,
    "price": 1189.0900,
    "amount": 0.00200,
    "type": "buy",
    "tid": "862551"
  },
  {
    "date": 1488279318,
    "date_ms": 1488279318525,
    "price": 1190.1500,
    "amount": 0.00420,
    "type": "sell",
    "tid": "862550"
  },
  {
    "date": 1488279295,
    "date_ms": 1488279295619,
    "price": 1189.9800,
    "amount": 0.00180,
    "type": "buy",
    "tid": "862548"
  },
  {
    "date": 1488279272,
    "date_ms": 1488279272385,
    "price": 1189.3300,
    "amount": 0.00400,
    "type": "buy",
    "tid": "862547"
  },
  {
    "date": 1488279255,
    "date_ms": 1488279255839,
    "price": 1190.8000,
    "amount": 0.00160,
    "type": "sell",
    "tid": "862546"
  },
  {
    "date": 1488279228,
    "date_ms": 1488279228355,
    "price": 1189.8000,
    "amount": 0.00380,
    "type": "buy",
    "tid": "862545"
  },
  {
    "date": 1488279184,
    "date_ms": 1488279184902,
    "price": 1190.6300,
    "amount": 0.00130,
    "type": "sell",
    "tid": "862543"
  },
  {
    "date": 1488279153,
    "date_ms": 1488279153200,
    "price": 1190.9500,
    "amount": 0.00360,
    "type": "sell",
    "tid": "862542"
  },
  {
    "date": 1488279116,
    "date_ms": 1488279116388,
    "price": 1189.6100,
    "amount": 0.00110,
    "type": "buy",
    "tid": "862541"
  },
  {
    "date": 1488279076,
    "date_ms": 1488279076201,
    "price": 1189.8900,
    "amount": 0.00340,
    "type": "buy",
    "tid": "862539"
  },
  {
    "date": 1488279028,
    "date_ms": 1488279028092,
    "price": 1189.4300,
    "amount": 0.00320,
    "type": "buy",
    "tid": "862537"
  },
  {
    "date": 1488278966,
    "date_ms": 1488278966906,
    "price": 1189.9800,
    "amount": 0.00300,
    "type": "buy",
    "tid": "862535"
  },
  {
    "date": 1488278923,
    "date_ms": 1488278923938,
    "price": 1189.8800,
    "amount": 0.00280,
    "type": "buy",
    "tid": "862534"
  },
  {
    "date": 1488278872,
    "date_ms": 1488278872626,
    "price": 1189.0900,
    "amount": 0.00250,
    "type": "buy",
    "tid": "862533"
  },
  {
    "date": 1488278834,
    "date_ms": 1488278834908,
    "price": 1190.9900,
    "amount": 0.00230,
    "type": "sell",
    "tid": "862531"
  },
  {
    "date": 1488278805,
    "date_ms": 1488278805267,
    "price": 1190.3900,
    "amount": 0.00460,
    "type": "sell",
    "tid": "862529"
  },
  {
    "date": 1488278767,
    "date_ms": 1488278767206,
    "price": 1190.8100,
    "amount": 0.00210,
    "type": "sell",
    "tid": "862528"
  },
  {
    "date": 1488278747,
    "date_ms": 1488278747784,
    "price": 1190.2000,
    "amount": 0.00440,
    "type": "sell",
    "tid": "862527"
  },
  {
    "date": 1488278716,
    "date_ms": 1488278716706,
    "price": 1190.0600,
    "amount": 0.00190,
    "type": "buy",
    "tid": "862526"
  },
  {
    "date": 1488278682,
    "date_ms": 1488278682394,
    "price": 1189.8500,
    "amount": 0.00420,
    "type": "buy",
    "tid": "862524"
  },
  {
    "date": 1488278654,
    "date_ms": 1488278654129,
    "price": 1190.4600,
    "amount": 0.00170,
    "type": "sell",
    "tid": "862523"
  },
  {
    "date": 1488278572,
    "date_ms": 1488278572896,
    "price": 1190.1200,
    "amount": 0.00760,
    "type": "buy",
    "tid": "862521"
  },
  {
    "date": 1488278540,
    "date_ms": 1488278540850,
    "price": 1190.9000,
    "amount": 0.01460,
    "type": "sell",
    "tid": "862520"
  },
  {
    "date": 1488278505,
    "date_ms": 1488278505350,
    "price": 1189.2000,
    "amount": 0.00690,
    "type": "buy",
    "tid": "862519"
  },
  {
    "date": 1488278463,
    "date_ms": 1488278463195,
    "price": 1190.7800,
    "amount": 0.01400,
    "type": "sell",
    "tid": "862517"
  },
  {
    "date": 1488278428,
    "date_ms": 1488278428117,
    "price": 1189.9200,
    "amount": 0.00630,
    "type": "buy",
    "tid": "862516"
  },
  {
    "date": 1488278386,
    "date_ms": 1488278386274,
    "price": 1190.2400,
    "amount": 0.01330,
    "type": "sell",
    "tid": "862514"
  },
  {
    "date": 1488278349,
    "date_ms": 1488278349087,
    "price": 1188.6000,
    "amount": 0.00560,
    "type": "buy",
    "tid": "862513"
  },
  {
    "date": 1488278331,
    "date_ms": 1488278331275,
    "price": 1188.6400,
    "amount": 0.01260,
    "type": "buy",
    "tid": "862512"
  },
  {
    "date": 1488278288,
    "date_ms": 1488278288728,
    "price": 1188.5400,
    "amount": 0.00490,
    "type": "buy",
    "tid": "862510"
  },
  {
    "date": 1488278248,
    "date_ms": 1488278248354,
    "price": 1189.4700,
    "amount": 0.01200,
    "type": "sell",
    "tid": "862509"
  },
  {
    "date": 1488278213,
    "date_ms": 1488278213495,
    "price": 1188.3400,
    "amount": 0.00430,
    "type": "buy",
    "tid": "862508"
  },
  {
    "date": 1488278195,
    "date_ms": 1488278195558,
    "price": 1188.8400,
    "amount": 0.01130,
    "type": "buy",
    "tid": "862507"
  },
  {
    "date": 1488278174,
    "date_ms": 1488278174605,
    "price": 1189.9200,
    "amount": 0.00360,
    "type": "sell",
    "tid": "862505"
  },
  {
    "date": 1488278136,
    "date_ms": 1488278136965,
    "price": 1189.1400,
    "amount": 0.01070,
    "type": "buy",
    "tid": "862504"
  },
  {
    "date": 1488278104,
    "date_ms": 1488278104372,
    "price": 1189.9900,
    "amount": 0.00300,
    "type": "sell",
    "tid": "862502"
  },
  {
    "date": 1488278073,
    "date_ms": 1488278073482,
    "price": 1189.5900,
    "amount": 0.01000,
    "type": "sell",
    "tid": "862501"
  },
  {
    "date": 1488278055,
    "date_ms": 1488278055029,
    "price": 1188.7700,
    "amount": 0.00230,
    "type": "buy",
    "tid": "862500"
  },
  {
    "date": 1488278029,
    "date_ms": 1488278029779,
    "price": 1189.3800,
    "amount": 0.00930,
    "type": "sell",
    "tid": "862499"
  },
  {
    "date": 1488278004,
    "date_ms": 1488278004530,
    "price": 1188.7000,
    "amount": 0.00160,
    "type": "buy",
    "tid": "862497"
  },
  {
    "date": 1488277985,
    "date_ms": 1488277985342,
    "price": 1189.6400,
    "amount": 0.00870,
    "type": "sell",
    "tid": "862496"
  },
  {
    "date": 1488277950,
    "date_ms": 1488277950124,
    "price": 1188.7500,
    "amount": 0.00100,
    "type": "buy",
    "tid": "862495"
  },
  {
    "date": 1488277907,
    "date_ms": 1488277907453,
    "price": 1189.4600,
    "amount": 0.00800,
    "type": "sell",
    "tid": "862493"
  },
  {
    "date": 1488277855,
    "date_ms": 1488277855813,
    "price": 1189.2500,
    "amount": 0.00740,
    "type": "sell",
    "tid": "862492"
  },
  {
    "date": 1488277823,
    "date_ms": 1488277823361,
    "price": 1188.6100,
    "amount": 0.01440,
    "type": "buy",
    "tid": "862490"
  },
  {
    "date": 1488277790,
    "date_ms": 1488277790924,
    "price": 1189.9000,
    "amount": 0.00670,
    "type": "sell",
    "tid": "862489"
  },
  {
    "date": 1488277749,
    "date_ms": 1488277749534,
    "price": 1189.6500,
    "amount": 0.01370,
    "type": "sell",
    "tid": "862488"
  }
]