{"btc_usd":[{"type":"bid","price":1029,"amount":2,"tid":92458576,"timestamp":1486486644},{"type":"ask","price":1025.666,"amount":0.02013211,"tid":92458575,"timestamp":1486486637},{"type":"ask","price":1025.701,"amount":0.2,"tid":92458574,"timestamp":1486486637},{"type":"bid","price":1029,"amount":0.208938,"tid":92458570,"timestamp":1486486604},{"type":"bid","price":1029,"amount":0.030952,"tid":92458569,"timestamp":1486486589},{"type":"bid","price":1029,"amount":0.48371073,"tid":92458545,"timestamp":1486486572},{"type":"ask","price":1025.494,"amount":0.03,"tid":92458543,"timestamp":1486486572},{"type":"ask","price":1025.494,"amount":0.03,"tid":92458539,"timestamp":1486486571},{"type":"ask","price":1025.494,"amount":0.02369058,"tid":92458537,"timestamp":1486486571},{"type":"ask","price":1025.494,"amount":0.00630942,"tid":92458536,"timestamp":1486486571},{"type":"ask","price":1025.494,"amount":0.03,"tid":92458534,"timestamp":1486486571},{"type":"ask","price":1025.494,"amount":0.03,"tid":92458532,"timestamp":1486486570},{"type":"ask","price":1025.494,"amount":0.0002962,"tid":92458524,"timestamp":1486486570},{"type":"ask","price":1025.495,"amount":0.0297038,"tid":92458523,"timestamp":1486486570},{"type":"bid","price":1029,"amount":0.01,"tid":92458517,"timestamp":1486486569},{"type":"bid","price":1029,"amount":0.01,"tid":92458516,"timestamp":1486486569},{"type":"bid","price":1029,"amount":0.21,"tid":92458515,"timestamp":1486486569},{"type":"bid","price":1029,"amount":0.03,"tid":92458514,"timestamp":1486486569},{"type":"ask","price":1025.494,"amount":0.02,"tid":92458513,"timestamp":1486486569},{"type":"ask","price":1025.494,"amount":0.05,"tid":92458511,"timestamp":1486486568},{"type":"bid","price":1029,"amount":0.9077555,"tid":92458509,"timestamp":1486486566},{"type":"bid","price":1029,"amount":0.07317311,"tid":92458497,"timestamp":1486486566},{"type":"bid","price":1028.999,"amount":0.04525796,"tid":92458495,"timestamp":1486486566},{"type":"bid","price":1028.999,"amount":0.030038,"tid":92458493,"timestamp":1486486566},{"type":"bid","price":1028,"amount":0.77128149,"tid":92458479,"timestamp":1486486566},{"type":"bid","price":1028,"amount":0.90842856,"tid":92458470,"timestamp":1486486566},{"type":"bid","price":1028,"amount":0.05185809,"tid":92458453,"timestamp":1486486566},{"type":"bid","price":1028,"amount":0.53200086,"tid":92458439,"timestamp":1486486566},{"type":"bid","price":1028,"amount":0.0017948,"tid":92458426,"timestamp":1486486565},{"type":"bid","price":1028,"amount":0.10480545,"tid":92458411,"timestamp":1486486545},{"type":"bid","price":1027.99,"amount":0.1996,"tid":92458410,"timestamp":1486486545},{"type":"ask","price":1025.493,"amount":0.3858815,"tid":92458406,"timestamp":1486486513},{"type":"ask","price":1025.493,"amount":0.0041185,"tid":92458405,"timestamp":1486486513},{"type":"ask","price":1025.521,"amount":0.2,"tid":92458404,"timestamp":1486486513},{"type":"bid","price":1025.523,"amount":0.264,"tid":92458402,"timestamp":1486486501},{"type":"bid","price":1028,"amount":0.605967,"tid":92458401,"timestamp":1486486482},{"type":"bid","price":1026.284,"amount":0.044033,"tid":92458400,"timestamp":1486486482},{"type":"bid","price":1026.284,"amount":0.02,"tid":92458392,"timestamp":1486486477},{"type":"bid","price":1025.523,"amount":0.96,"tid":92458391,"timestamp":1486486477},{"type":"bid","price":1025.523,"amount":0.04,"tid":92458390,"timestamp":1486486477},{"type":"ask","price":1026.286,"amount":0.133317,"tid":92458389,"timestamp":1486486475},{"type":"bid","price":1028,"amount":0.25,"tid":92458361,"timestamp":1486486433},{"type":"bid","price":1028,"amount":0.04,"tid":92458360,"timestamp":1486486431},{"type":"bid","price":1028,"amount":0.157442,"tid":92458359,"timestamp":1486486431},{"type":"bid","price":1026.329,"amount":0.0139,"tid":92458358,"timestamp":1486486431},{"type":"bid","price":1028,"amount":0.064726,"tid":92458357,"timestamp":1486486424},{"type":"bid","price":1028,"amount":0.16978991,"tid":92458356,"timestamp":1486486408},{"type":"bid","price":1028,"amount":0.39630584,"tid":92458354,"timestamp":1486486399},{"type":"bid","price":1026.284,"amount":0.11260775,"tid":92458352,"timestamp":1486486370},{"type":"ask","price":1026.284,"amount":0.09861106,"tid":92458351,"timestamp":1486486369},{"type":"bid","price":1028.999,"amount":0.018495,"tid":92458350,"timestamp":1486486369},{"type":"ask","price":1026.284,"amount":0.05504754,"tid":92458348,"timestamp":1486486361},{"type":"bid","price":1028.999,"amount":0.1,"tid":92458340,"timestamp":1486486313},{"type":"bid","price":1025.545,"amount":0.48392152,"tid":92458324,"timestamp":1486486257},{"type":"bid","price":1025.545,"amount":0.71150119,"tid":92458323,"timestamp":1486486257},{"type":"bid","price":1025.545,"amount":0.46147019,"tid":92458322,"timestamp":1486486257},{"type":"ask","price":1025.545,"amount":0.01880545,"tid":92458321,"timestamp":1486486257},{"type":"ask","price":1025.912,"amount":0.0188,"tid":92458320,"timestamp":1486486257},{"type":"ask","price":1025.913,"amount":0.04534865,"tid":92458319,"timestamp":1486486257},{"type":"ask","price":1026.271,"amount":0.260153,"tid":92458318,"timestamp":1486486257},{"type":"bid","price":1028.999,"amount":0.1,"tid":92458317,"timestamp":1486486250},{"type":"bid","price":1028.999,"amount":0.12469,"tid":92458316,"timestamp":1486486248},{"type":"bid","price":1028.999,"amount":0.023,"tid":92458313,"timestamp":1486486165},{"type":"bid","price":1029.989,"amount":0.32604583,"tid":92458309,"timestamp":1486486107},{"type":"bid","price":1029.988,"amount":0.066473,"tid":92458308,"timestamp":1486486107},{"type":"bid","price":1029.988,"amount":1,"tid":92458307,"timestamp":1486486096},{"type":"bid","price":1029.988,"amount":0.415217,"tid":92458304,"timestamp":1486486078},{"type":"bid","price":1029.988,"amount":0.01831,"tid":92458303,"timestamp":1486486070},{"type":"bid","price":1029.988,"amount":0.08169,"tid":92458302,"timestamp":1486486070},{"type":"ask","price":1025.545,"amount":0.00110605,"tid":92458299,"timestamp":1486486060},{"type":"ask","price":1025.545,"amount":0.00124513,"tid":92458298,"timestamp":1486486059},{"type":"ask","price":1025.545,"amount":0.01956595,"tid":92458297,"timestamp":1486486053},{"type":"ask","price":1025.621,"amount":0.013572,"tid":92458296,"timestamp":1486486053},{"type":"ask","price":1025.795,"amount":0.00110069,"tid":92458295,"timestamp":1486486053},{"type":"ask","price":1025.859,"amount":0.00778417,"tid":92458294,"timestamp":1486486053},{"type":"ask","price":1026.001,"amount":0.02009604,"tid":92458293,"timestamp":1486486053},{"type":"bid","price":1029.988,"amount":0.041573,"tid":92458292,"timestamp":1486486044},{"type":"bid","price":1029.988,"amount":0.076737,"tid":92458290,"timestamp":1486486035},{"type":"bid","price":1029.85,"amount":0.01,"tid":92458289,"timestamp":1486486035},{"type":"bid","price":1026.002,"amount":0.0314016,"tid":92458283,"timestamp":1486485996},{"type":"ask","price":1026.002,"amount":0.0061984,"tid":92458270,"timestamp":1486485995},{"type":"ask","price":1026.354,"amount":0.01,"tid":92458263,"timestamp":1486485872},{"type":"ask","price":1026.354,"amount":0.01,"tid":92458262,"timestamp":1486485866},{"type":"ask","price":1026.354,"amount":0.01936,"tid":92458257,"timestamp":1486485832},{"type":"ask","price":1026.354,"amount":0.01,"tid":92458256,"timestamp":1486485831},{"type":"ask","price":1026.354,"amount":0.01,"tid":92458255,"timestamp":1486485825},{"type":"ask","price":1026.354,"amount":0.10621637,"tid":92458251,"timestamp":1486485785},{"type":"ask","price":1026.354,"amount":0.0095402,"tid":92458250,"timestamp":1486485776},{"type":"ask","price":1026.001,"amount":0.01,"tid":92458246,"timestamp":1486485731},{"type":"bid","price":1029.99,"amount":0.00407395,"tid":92458245,"timestamp":1486485729},{"type":"bid","price":1029.98,"amount":0.02592605,"tid":92458244,"timestamp":1486485729},{"type":"bid","price":1029.98,"amount":0.03,"tid":92458243,"timestamp":1486485729},{"type":"bid","price":1026,"amount":0.01059944,"tid":92458242,"timestamp":1486485729},{"type":"bid","price":1026,"amount":0.16,"tid":92458241,"timestamp":1486485729},{"type":"bid","price":1026,"amount":0.1,"tid":92458240,"timestamp":1486485728},{"type":"ask","price":1026,"amount":0.08,"tid":92458239,"timestamp":1486485728},{"type":"ask","price":1026,"amount":0.1,"tid":92458238,"timestamp":1486485728},{"type":"ask","price":1026,"amount":0.01275665,"tid":92458237,"timestamp":1486485728},{"type":"ask","price":1026,"amount":0.53664391,"tid":92458236,"timestamp":1486485728},{"type":"ask","price":1026,"amount":0.6054084,"tid":92458235,"timestamp":1486485725},{"type":"ask","price":1026.001,"amount":0.3,"tid":92458234,"timestamp":1486485725},{"type":"ask","price":1026.352,"amount":0.1945916,"tid":92458233,"timestamp":1486485725},{"type":"ask","price":1026,"amount":0.624205,"tid":92458231,"timestamp":1486485666},{"type":"ask","price":1026.001,"amount":0.3,"tid":92458230,"timestamp":1486485666},{"type":"ask","price":1026.001,"amount":0.3,"tid":92458229,"timestamp":1486485666},{"type":"ask","price":1026.001,"amount":0.3,"tid":92458228,"timestamp":1486485666},{"type":"bid","price":1029.98,"amount":0.00065612,"tid":92458216,"timestamp":1486485586},{"type":"bid","price":1029.97,"amount":0.01141872,"tid":92458215,"timestamp":1486485586},{"type":"bid","price":1028.502,"amount":0.00225166,"tid":92458214,"timestamp":1486485586},{"type":"ask","price":1026,"amount":0.00110604,"tid":92458212,"timestamp":1486485561},{"type":"bid","price":1028.502,"amount":0.75536121,"tid":92458202,"timestamp":1486485510},{"type":"ask","price":1026.504,"amount":0.01,"tid":92458201,"timestamp":1486485507},{"type":"ask","price":1026.504,"amount":0.00124496,"tid":92458200,"timestamp":1486485507},{"type":"ask","price":1026,"amount":0.23673665,"tid":92458199,"timestamp":1486485502},{"type":"ask","price":1026.001,"amount":0.01,"tid":92458198,"timestamp":1486485502},{"type":"ask","price":1026.105,"amount":0.001005,"tid":92458197,"timestamp":1486485502},{"type":"ask","price":1026.111,"amount":0.372389,"tid":92458196,"timestamp":1486485502},{"type":"ask","price":1026.12,"amount":0.011126,"tid":92458195,"timestamp":1486485502},{"type":"ask","price":1026.135,"amount":0.02,"tid":92458194,"timestamp":1486485502},{"type":"ask","price":1026.2,"amount":0.01,"tid":92458193,"timestamp":1486485502},{"type":"ask","price":1026.2,"amount":0.065,"tid":92458192,"timestamp":1486485502},{"type":"ask","price":1026.323,"amount":0.373242,"tid":92458191,"timestamp":1486485502},{"type":"ask","price":1026.346,"amount":0.01,"tid":92458190,"timestamp":1486485502},{"type":"ask","price":1026.4,"amount":2.977,"tid":92458189,"timestamp":1486485502},{"type":"ask","price":1026.4,"amount":1,"tid":92458188,"timestamp":1486485502},{"type":"ask","price":1026.4,"amount":1.22506792,"tid":92458187,"timestamp":1486485502},{"type":"ask","price":1026.412,"amount":1.2,"tid":92458186,"timestamp":1486485502},{"type":"ask","price":1026.412,"amount":0.77899776,"tid":92458185,"timestamp":1486485502},{"type":"ask","price":1026.413,"amount":0.019321,"tid":92458184,"timestamp":1486485502},{"type":"ask","price":1026.414,"amount":0.5,"tid":92458183,"timestamp":1486485502},{"type":"ask","price":1026.5,"amount":0.55476777,"tid":92458182,"timestamp":1486485502},{"type":"ask","price":1026.501,"amount":0.0986469,"tid":92458181,"timestamp":1486485502},{"type":"ask","price":1026.503,"amount":0.0667,"tid":92458180,"timestamp":1486485502},{"type":"ask","price":1026.666,"amount":0.09,"tid":92458179,"timestamp":1486485502},{"type":"bid","price":1028.502,"amount":0.01941788,"tid":92458178,"timestamp":1486485500},{"type":"ask","price":1026.666,"amount":0.01,"tid":92458176,"timestamp":1486485495},{"type":"ask","price":1026.501,"amount":0.01,"tid":92458175,"timestamp":1486485491},{"type":"ask","price":1026.501,"amount":0.01,"tid":92458173,"timestamp":1486485490},{"type":"ask","price":1026.501,"amount":0.4361531,"tid":92458172,"timestamp":1486485489},{"type":"bid","price":1026.502,"amount":0.08319262,"tid":92458171,"timestamp":1486485487},{"type":"ask","price":1026.502,"amount":0.06670738,"tid":92458170,"timestamp":1486485487},{"type":"bid","price":1028.502,"amount":0.06296925,"tid":92458168,"timestamp":1486485468},{"type":"ask","price":1026.502,"amount":0.12309262,"tid":92458158,"timestamp":1486485466},{"type":"bid","price":1028.502,"amount":0.01,"tid":92458157,"timestamp":1486485464},{"type":"ask","price":1026.502,"amount":0.01,"tid":92458156,"timestamp":1486485463},{"type":"bid","price":1026.51,"amount":0.1339,"tid":92458155,"timestamp":1486485446},{"type":"bid","price":1026.51,"amount":0.211,"tid":92458154,"timestamp":1486485436},{"type":"bid","price":1029.98,"amount":0.01316,"tid":92458153,"timestamp":1486485433},{"type":"bid","price":1029.98,"amount":0.01,"tid":92458152,"timestamp":1486485427},{"type":"ask","price":1026.502,"amount":0.01,"tid":92458151,"timestamp":1486485427}]}