[
  {
    "date": 1486490548,
    "date_ms": 1486490548297,
    "price": 1050.2600,
    "amount": 0.15590,
    "type": "buy",
    "tid": "782659"
  },
  {
    "date": 1486490529,
    "date_ms": 1486490529688,
    "price": 1049.9200,
    "amount": 0.04580,
    "type": "buy",
    "tid": "782657"
  },
  {
    "date": 1486490503,
    "date_ms": 1486490503173,
    "price": 1051.2600,
    "amount": 0.14660,
    "type": "sell",
    "tid": "782655"
  },
  {
    "date": 1486490471,
    "date_ms": 1486490471923,
    "price": 1050.1800,
    "amount": 0.03630,
    "type": "buy",
    "tid": "782653"
  },
  {
    "date": 1486490443,
    "date_ms": 1486490443658,
    "price": 1051.2200,
    "amount": 0.13710,
    "type": "sell",
    "tid": "782650"
  },
  {
    "date": 1486490417,
    "date_ms": 1486490417518,
    "price": 1050.4000,
    "amount": 0.02680,
    "type": "buy",
    "tid": "782647"
  },
  {
    "date": 1486490397,
    "date_ms": 1486490397206,
    "price": 1050.7000,
    "amount": 0.12760,
    "type": "buy",
    "tid": "782644"
  },
  {
    "date": 1486490370,
    "date_ms": 1486490370675,
    "price": 1051.6400,
    "amount": 0.01730,
    "type": "sell",
    "tid": "782635"
  },
  {
    "date": 1486490350,
    "date_ms": 1486490350425,
    "price": 1050.4400,
    "amount": 0.11810,
    "type": "buy",
    "tid": "782632"
  },
  {
    "date": 1486490323,
    "date_ms": 1486490323066,
    "price": 1051.0800,
    "amount": 0.00780,
    "type": "sell",
    "tid": "782621"
  },
  {
    "date": 1486490300,
    "date_ms": 1486490300379,
    "price": 1051.3400,
    "amount": 0.10860,
    "type": "sell",
    "tid": "782616"
  },
  {
    "date": 1486490261,
    "date_ms": 1486490261552,
    "price": 1050.8400,
    "amount": 0.20960,
    "type": "sell",
    "tid": "782596"
  },
  {
    "date": 1486490237,
    "date_ms": 1486490237989,
    "price": 1050.8900,
    "amount": 0.09930,
    "type": "sell",
    "tid": "782594"
  },
  {
    "date": 1486490215,
    "date_ms": 1486490215646,
    "price": 1051.0700,
    "amount": 0.20010,
    "type": "sell",
    "tid": "782592"
  },
  {
    "date": 1486490183,
    "date_ms": 1486490183803,
    "price": 1050.1000,
    "amount": 0.08980,
    "type": "buy",
    "tid": "782585"
  },
  {
    "date": 1486490148,
    "date_ms": 1486490148272,
    "price": 1049.8900,
    "amount": 0.19060,
    "type": "buy",
    "tid": "782575"
  },
  {
    "date": 1486490114,
    "date_ms": 1486490114351,
    "price": 1051.1000,
    "amount": 0.08030,
    "type": "sell",
    "tid": "782568"
  },
  {
    "date": 1486490072,
    "date_ms": 1486490072742,
    "price": 1049.8700,
    "amount": 0.18110,
    "type": "buy",
    "tid": "782563"
  },
  {
    "date": 1486490030,
    "date_ms": 1486490030321,
    "price": 1050.7000,
    "amount": 0.07080,
    "type": "buy",
    "tid": "782547"
  },
  {
    "date": 1486489988,
    "date_ms": 1486489988368,
    "price": 1050.4500,
    "amount": 0.17160,
    "type": "buy",
    "tid": "782530"
  },
  {
    "date": 1486489967,
    "date_ms": 1486489967790,
    "price": 1049.9600,
    "amount": 0.06120,
    "type": "buy",
    "tid": "782522"
  },
  {
    "date": 1486489946,
    "date_ms": 1486489946947,
    "price": 1050.3300,
    "amount": 0.16230,
    "type": "buy",
    "tid": "782512"
  },
  {
    "date": 1486489914,
    "date_ms": 1486489914666,
    "price": 1050.0500,
    "amount": 0.05190,
    "type": "buy",
    "tid": "782503"
  },
  {
    "date": 1486489893,
    "date_ms": 1486489893573,
    "price": 1049.9900,
    "amount": 0.15280,
    "type": "buy",
    "tid": "782500"
  },
  {
    "date": 1486489871,
    "date_ms": 1486489871167,
    "price": 1051.0800,
    "amount": 0.04240,
    "type": "sell",
    "tid": "782487"
  },
  {
    "date": 1486489851,
    "date_ms": 1486489851902,
    "price": 1050.9200,
    "amount": 0.14330,
    "type": "sell",
    "tid": "782485"
  },
  {
    "date": 1486489820,
    "date_ms": 1486489820058,
    "price": 1050.7400,
    "amount": 0.03290,
    "type": "buy",
    "tid": "782477"
  },
  {
    "date": 1486489779,
    "date_ms": 1486489779809,
    "price": 1051.1300,
    "amount": 0.13370,
    "type": "sell",
    "tid": "782466"
  },
  {
    "date": 1486489765,
    "date_ms": 1486489765622,
    "price": 1050.9800,
    "amount": 0.02340,
    "type": "sell",
    "tid": "782460"
  },
  {
    "date": 1486489744,
    "date_ms": 1486489744294,
    "price": 1050.5900,
    "amount": 0.12420,
    "type": "buy",
    "tid": "782449"
  },
  {
    "date": 1486489719,
    "date_ms": 1486489719560,
    "price": 1050.0000,
    "amount": 0.01390,
    "type": "buy",
    "tid": "782432"
  },
  {
    "date": 1486489677,
    "date_ms": 1486489677029,
    "price": 1050.5100,
    "amount": 0.11470,
    "type": "buy",
    "tid": "782430"
  },
  {
    "date": 1486489635,
    "date_ms": 1486489635592,
    "price": 1050.6300,
    "amount": 0.00460,
    "type": "buy",
    "tid": "782428"
  },
  {
    "date": 1486489612,
    "date_ms": 1486489612218,
    "price": 1051.8100,
    "amount": 0.10540,
    "type": "sell",
    "tid": "782426"
  },
  {
    "date": 1486489588,
    "date_ms": 1486489588249,
    "price": 1050.7100,
    "amount": 0.20620,
    "type": "buy",
    "tid": "782423"
  },
  {
    "date": 1486489546,
    "date_ms": 1486489546172,
    "price": 1050.4300,
    "amount": 0.04300,
    "type": "buy",
    "tid": "782421"
  },
  {
    "date": 1486489506,
    "date_ms": 1486489506016,
    "price": 1051.7700,
    "amount": 0.16260,
    "type": "sell",
    "tid": "782418"
  },
  {
    "date": 1486489475,
    "date_ms": 1486489475345,
    "price": 1050.1500,
    "amount": 0.03180,
    "type": "buy",
    "tid": "782415"
  },
  {
    "date": 1486489457,
    "date_ms": 1486489457845,
    "price": 1051.7300,
    "amount": 0.15130,
    "type": "sell",
    "tid": "782414"
  },
  {
    "date": 1486489432,
    "date_ms": 1486489432017,
    "price": 1051.4400,
    "amount": 0.02050,
    "type": "sell",
    "tid": "782411"
  },
  {
    "date": 1486489390,
    "date_ms": 1486489390955,
    "price": 1050.4600,
    "amount": 0.14000,
    "type": "buy",
    "tid": "782408"
  },
  {
    "date": 1486489369,
    "date_ms": 1486489369862,
    "price": 1051.1100,
    "amount": 0.00920,
    "type": "sell",
    "tid": "782405"
  },
  {
    "date": 1486489345,
    "date_ms": 1486489345034,
    "price": 1050.8600,
    "amount": 0.12870,
    "type": "sell",
    "tid": "782404"
  },
  {
    "date": 1486489316,
    "date_ms": 1486489316566,
    "price": 1050.0700,
    "amount": 0.24850,
    "type": "buy",
    "tid": "782402"
  },
  {
    "date": 1486489284,
    "date_ms": 1486489284504,
    "price": 1050.7100,
    "amount": 0.11770,
    "type": "buy",
    "tid": "782400"
  },
  {
    "date": 1486489260,
    "date_ms": 1486489260098,
    "price": 1050.0700,
    "amount": 0.23720,
    "type": "buy",
    "tid": "782396"
  },
  {
    "date": 1486489219,
    "date_ms": 1486489219802,
    "price": 1050.2600,
    "amount": 0.10640,
    "type": "buy",
    "tid": "782394"
  },
  {
    "date": 1486489199,
    "date_ms": 1486489199411,
    "price": 1050.6200,
    "amount": 0.22590,
    "type": "buy",
    "tid": "782392"
  },
  {
    "date": 1486489167,
    "date_ms": 1486489167443,
    "price": 1051.7300,
    "amount": 0.09520,
    "type": "sell",
    "tid": "782389"
  },
  {
    "date": 1486489132,
    "date_ms": 1486489132350,
    "price": 1051.0600,
    "amount": 0.21470,
    "type": "sell",
    "tid": "782387"
  },
  {
    "date": 1486489097,
    "date_ms": 1486489097819,
    "price": 1050.3900,
    "amount": 0.08390,
    "type": "buy",
    "tid": "782383"
  },
  {
    "date": 1486489055,
    "date_ms": 1486489055867,
    "price": 1050.2100,
    "amount": 0.20340,
    "type": "buy",
    "tid": "782381"
  },
  {
    "date": 1486489034,
    "date_ms": 1486489034648,
    "price": 1050.7500,
    "amount": 0.07260,
    "type": "buy",
    "tid": "782379"
  },
  {
    "date": 1486489002,
    "date_ms": 1486489002430,
    "price": 1051.3300,
    "amount": 0.19240,
    "type": "sell",
    "tid": "782378"
  },
  {
    "date": 1486488970,
    "date_ms": 1486488970993,
    "price": 1051.5600,
    "amount": 0.06160,
    "type": "sell",
    "tid": "782375"
  },
  {
    "date": 1486488936,
    "date_ms": 1486488936728,
    "price": 1051.4600,
    "amount": 0.18110,
    "type": "sell",
    "tid": "782374"
  },
  {
    "date": 1486488899,
    "date_ms": 1486488899744,
    "price": 1051.6400,
    "amount": 0.05030,
    "type": "sell",
    "tid": "782372"
  },
  {
    "date": 1486488884,
    "date_ms": 1486488884744,
    "price": 1050.5100,
    "amount": 0.16980,
    "type": "buy",
    "tid": "782370"
  },
  {
    "date": 1486488843,
    "date_ms": 1486488843464,
    "price": 1051.0700,
    "amount": 0.03900,
    "type": "sell",
    "tid": "782367"
  },
  {
    "date": 1486488819,
    "date_ms": 1486488819245,
    "price": 1050.1100,
    "amount": 0.15850,
    "type": "buy",
    "tid": "782366"
  },
  {
    "date": 1486488779,
    "date_ms": 1486488779887,
    "price": 1049.8500,
    "amount": 0.02780,
    "type": "buy",
    "tid": "782363"
  },
  {
    "date": 1486488745,
    "date_ms": 1486488745950,
    "price": 1050.5300,
    "amount": 0.14730,
    "type": "buy",
    "tid": "782360"
  },
  {
    "date": 1486488708,
    "date_ms": 1486488708060,
    "price": 1051.5400,
    "amount": 0.01650,
    "type": "sell",
    "tid": "782357"
  },
  {
    "date": 1486488686,
    "date_ms": 1486488686607,
    "price": 1050.4700,
    "amount": 0.13600,
    "type": "buy",
    "tid": "782355"
  },
  {
    "date": 1486488665,
    "date_ms": 1486488665326,
    "price": 1050.7900,
    "amount": 0.00550,
    "type": "buy",
    "tid": "782353"
  },
  {
    "date": 1486488639,
    "date_ms": 1486488639764,
    "price": 1049.8200,
    "amount": 0.12500,
    "type": "buy",
    "tid": "782351"
  },
  {
    "date": 1486488604,
    "date_ms": 1486488604624,
    "price": 1050.4300,
    "amount": 0.24450,
    "type": "buy",
    "tid": "782348"
  },
  {
    "date": 1486488580,
    "date_ms": 1486488580499,
    "price": 1050.0000,
    "amount": 0.11370,
    "type": "buy",
    "tid": "782346"
  },
  {
    "date": 1486488555,
    "date_ms": 1486488555624,
    "price": 1051.0800,
    "amount": 0.33800,
    "type": "sell",
    "tid": "782344"
  },
  {
    "date": 1486488517,
    "date_ms": 1486488517781,
    "price": 1051.1300,
    "amount": 0.06610,
    "type": "sell",
    "tid": "782341"
  },
  {
    "date": 1486488488,
    "date_ms": 1486488488672,
    "price": 1051.5700,
    "amount": 0.31450,
    "type": "sell",
    "tid": "782339"
  },
  {
    "date": 1486488466,
    "date_ms": 1486488466891,
    "price": 1051.1100,
    "amount": 0.04270,
    "type": "sell",
    "tid": "782337"
  },
  {
    "date": 1486488449,
    "date_ms": 1486488449376,
    "price": 1050.1500,
    "amount": 0.29110,
    "type": "buy",
    "tid": "782336"
  },
  {
    "date": 1486488418,
    "date_ms": 1486488418751,
    "price": 1051.2300,
    "amount": 0.01920,
    "type": "sell",
    "tid": "782333"
  },
  {
    "date": 1486488390,
    "date_ms": 1486488390846,
    "price": 1051.4000,
    "amount": 0.26760,
    "type": "sell",
    "tid": "782331"
  },
  {
    "date": 1486488361,
    "date_ms": 1486488361768,
    "price": 1049.8800,
    "amount": 0.51660,
    "type": "buy",
    "tid": "782328"
  },
  {
    "date": 1486488340,
    "date_ms": 1486488340518,
    "price": 1050.5900,
    "amount": 0.24470,
    "type": "buy",
    "tid": "782327"
  },
  {
    "date": 1486488301,
    "date_ms": 1486488301581,
    "price": 1050.5200,
    "amount": 0.49320,
    "type": "buy",
    "tid": "782324"
  },
  {
    "date": 1486488267,
    "date_ms": 1486488267363,
    "price": 1050.0000,
    "amount": 0.22130,
    "type": "buy",
    "tid": "782322"
  },
  {
    "date": 1486488238,
    "date_ms": 1486488238457,
    "price": 1050.8300,
    "amount": 0.46970,
    "type": "sell",
    "tid": "782319"
  },
  {
    "date": 1486488214,
    "date_ms": 1486488214426,
    "price": 1050.9300,
    "amount": 0.19790,
    "type": "sell",
    "tid": "782318"
  },
  {
    "date": 1486488189,
    "date_ms": 1486488189739,
    "price": 1051.1000,
    "amount": 0.44630,
    "type": "sell",
    "tid": "782316"
  },
  {
    "date": 1486488151,
    "date_ms": 1486488151365,
    "price": 1050.3500,
    "amount": 0.17440,
    "type": "buy",
    "tid": "782314"
  },
  {
    "date": 1486488108,
    "date_ms": 1486488108819,
    "price": 1050.1700,
    "amount": 0.42280,
    "type": "buy",
    "tid": "782311"
  },
  {
    "date": 1486488083,
    "date_ms": 1486488083444,
    "price": 1050.4700,
    "amount": 0.15100,
    "type": "buy",
    "tid": "782308"
  },
  {
    "date": 1486488060,
    "date_ms": 1486488060898,
    "price": 1050.1500,
    "amount": 0.39990,
    "type": "buy",
    "tid": "782307"
  },
  {
    "date": 1486488042,
    "date_ms": 1486488042132,
    "price": 1050.4000,
    "amount": 0.12810,
    "type": "buy",
    "tid": "782305"
  },
  {
    "date": 1486488010,
    "date_ms": 1486488010445,
    "price": 1050.5300,
    "amount": 0.37650,
    "type": "buy",
    "tid": "782291"
  },
  {
    "date": 1486487975,
    "date_ms": 1486487975321,
    "price": 1051.3200,
    "amount": 0.10460,
    "type": "sell",
    "tid": "782278"
  },
  {
    "date": 1486487954,
    "date_ms": 1486487954602,
    "price": 1050.7500,
    "amount": 0.35310,
    "type": "buy",
    "tid": "782271"
  },
  {
    "date": 1486487912,
    "date_ms": 1486487912837,
    "price": 1050.6700,
    "amount": 0.08120,
    "type": "buy",
    "tid": "782262"
  },
  {
    "date": 1486487879,
    "date_ms": 1486487879760,
    "price": 1051.4000,
    "amount": 0.32960,
    "type": "sell",
    "tid": "782249"
  },
  {
    "date": 1486487860,
    "date_ms": 1486487860572,
    "price": 1051.7200,
    "amount": 0.05780,
    "type": "sell",
    "tid": "782232"
  },
  {
    "date": 1486487830,
    "date_ms": 1486487830213,
    "price": 1050.7000,
    "amount": 0.30620,
    "type": "buy",
    "tid": "782229"
  },
  {
    "date": 1486487803,
    "date_ms": 1486487803042,
    "price": 1051.2900,
    "amount": 0.03430,
    "type": "sell",
    "tid": "782227"
  },
  {
    "date": 1486487773,
    "date_ms": 1486487773574,
    "price": 1050.3500,
    "amount": 0.28270,
    "type": "buy",
    "tid": "782224"
  },
  {
    "date": 1486487742,
    "date_ms": 1486487742543,
    "price": 1050.1500,
    "amount": 0.01140,
    "type": "buy",
    "tid": "782215"
  },
  {
    "date": 1486487706,
    "date_ms": 1486487706731,
    "price": 1050.8700,
    "amount": 0.25980,
    "type": "sell",
    "tid": "782199"
  },
  {
    "date": 1486487669,
    "date_ms": 1486487669607,
    "price": 1050.9600,
    "amount": 0.50830,
    "type": "sell",
    "tid": "782193"
  },
  {
    "date": 1486487648,
    "date_ms": 1486487648654,
    "price": 1050.0400,
    "amount": 0.23640,
    "type": "buy",
    "tid": "782190"
  },
  {
    "date": 1486487602,
    "date_ms": 1486487602279,
    "price": 1051.2200,
    "amount": 0.48480,
    "type": "sell",
    "tid": "782188"
  },
  {
    "date": 1486487562,
    "date_ms": 1486487562061,
    "price": 1050.9200,
    "amount": 0.02500,
    "type": "sell",
    "tid": "782186"
  },
  {
    "date": 1486487543,
    "date_ms": 1486487543812,
    "price": 1049.9300,
    "amount": 0.00490,
    "type": "buy",
    "tid": "782183"
  },
  {
    "date": 1486487516,
    "date_ms": 1486487516015,
    "price": 1051.6800,
    "amount": 0.02330,
    "type": "sell",
    "tid": "782179"
  },
  {
    "date": 1486487479,
    "date_ms": 1486487479547,
    "price": 1050.9400,
    "amount": 0.00310,
    "type": "sell",
    "tid": "782169"
  },
  {
    "date": 1486487463,
    "date_ms": 1486487463188,
    "price": 1051.4600,
    "amount": 0.02150,
    "type": "sell",
    "tid": "782168"
  },
  {
    "date": 1486487438,
    "date_ms": 1486487438063,
    "price": 1050.9900,
    "amount": 0.00140,
    "type": "sell",
    "tid": "782166"
  },
  {
    "date": 1486487418,
    "date_ms": 1486487418829,
    "price": 1051.1800,
    "amount": 0.01980,
    "type": "sell",
    "tid": "782164"
  },
  {
    "date": 1486487388,
    "date_ms": 1486487388423,
    "price": 1050.0300,
    "amount": 0.03820,
    "type": "buy",
    "tid": "782161"
  },
  {
    "date": 1486487358,
    "date_ms": 1486487358361,
    "price": 1050.6700,
    "amount": 0.01810,
    "type": "buy",
    "tid": "782159"
  },
  {
    "date": 1486487326,
    "date_ms": 1486487326815,
    "price": 1050.7300,
    "amount": 0.03650,
    "type": "sell",
    "tid": "782157"
  },
  {
    "date": 1486487291,
    "date_ms": 1486487291284,
    "price": 1050.2900,
    "amount": 0.01640,
    "type": "buy",
    "tid": "782154"
  },
  {
    "date": 1486487249,
    "date_ms": 1486487249129,
    "price": 1050.5900,
    "amount": 0.03480,
    "type": "buy",
    "tid": "782151"
  },
  {
    "date": 1486487217,
    "date_ms": 1486487217754,
    "price": 1050.0800,
    "amount": 0.01460,
    "type": "buy",
    "tid": "782149"
  },
  {
    "date": 1486487189,
    "date_ms": 1486487189786,
    "price": 1050.1100,
    "amount": 0.03300,
    "type": "buy",
    "tid": "782146"
  },
  {
    "date": 1486487164,
    "date_ms": 1486487164302,
    "price": 1050.3300,
    "amount": 0.01290,
    "type": "buy",
    "tid": "782144"
  },
  {
    "date": 1486487133,
    "date_ms": 1486487133849,
    "price": 1051.0400,
    "amount": 0.03130,
    "type": "sell",
    "tid": "782141"
  },
  {
    "date": 1486487097,
    "date_ms": 1486487097709,
    "price": 1050.5300,
    "amount": 0.01110,
    "type": "buy",
    "tid": "782140"
  },
  {
    "date": 1486487075,
    "date_ms": 1486487075709,
    "price": 1051.6100,
    "amount": 0.02960,
    "type": "sell",
    "tid": "782137"
  },
  {
    "date": 1486487037,
    "date_ms": 1486487037819,
    "price": 1050.8200,
    "amount": 0.00940,
    "type": "sell",
    "tid": "782136"
  },
  {
    "date": 1486487002,
    "date_ms": 1486487002054,
    "price": 1050.5900,
    "amount": 0.02790,
    "type": "buy",
    "tid": "782133"
  },
  {
    "date": 1486486982,
    "date_ms": 1486486982211,
    "price": 1051.5100,
    "amount": 0.00770,
    "type": "sell",
    "tid": "782131"
  },
  {
    "date": 1486486957,
    "date_ms": 1486486957992,
    "price": 1051.4500,
    "amount": 0.02610,
    "type": "sell",
    "tid": "782130"
  },
  {
    "date": 1486486939,
    "date_ms": 1486486939868,
    "price": 1049.9600,
    "amount": 0.00600,
    "type": "buy",
    "tid": "782128"
  },
  {
    "date": 1486486914,
    "date_ms": 1486486914993,
    "price": 1051.3900,
    "amount": 0.02440,
    "type": "sell",
    "tid": "782126"
  },
  {
    "date": 1486486875,
    "date_ms": 1486486875087,
    "price": 1050.0600,
    "amount": 0.00420,
    "type": "buy",
    "tid": "782123"
  },
  {
    "date": 1486486848,
    "date_ms": 1486486848853,
    "price": 1051.2000,
    "amount": 0.02260,
    "type": "sell",
    "tid": "782121"
  },
  {
    "date": 1486486818,
    "date_ms": 1486486818041,
    "price": 1050.0600,
    "amount": 0.00250,
    "type": "buy",
    "tid": "782119"
  },
  {
    "date": 1486486799,
    "date_ms": 1486486799635,
    "price": 1051.0400,
    "amount": 0.02090,
    "type": "sell",
    "tid": "782116"
  },
  {
    "date": 1486486761,
    "date_ms": 1486486761980,
    "price": 1049.8200,
    "amount": 0.01920,
    "type": "buy",
    "tid": "782114"
  },
  {
    "date": 1486486734,
    "date_ms": 1486486734402,
    "price": 1051.4000,
    "amount": 0.03760,
    "type": "sell",
    "tid": "782113"
  },
  {
    "date": 1486486689,
    "date_ms": 1486486689996,
    "price": 1050.9100,
    "amount": 0.01750,
    "type": "sell",
    "tid": "782110"
  },
  {
    "date": 1486486657,
    "date_ms": 1486486657388,
    "price": 1050.9500,
    "amount": 0.03590,
    "type": "sell",
    "tid": "782108"
  },
  {
    "date": 1486486625,
    "date_ms": 1486486625919,
    "price": 1050.6900,
    "amount": 0.01570,
    "type": "buy",
    "tid": "782104"
  },
  {
    "date": 1486486600,
    "date_ms": 1486486600685,
    "price": 1050.4000,
    "amount": 0.02890,
    "type": "buy",
    "tid": "782103"
  },
  {
    "date": 1486486563,
    "date_ms": 1486486563701,
    "price": 1050.5600,
    "amount": 0.00190,
    "type": "buy",
    "tid": "782101"
  },
  {
    "date": 1486486543,
    "date_ms": 1486486543749,
    "price": 1050.5000,
    "amount": 0.02660,
    "type": "buy",
    "tid": "782099"
  },
  {
    "date": 1486486502,
    "date_ms": 1486486502093,
    "price": 1049.9800,
    "amount": 0.05130,
    "type": "buy",
    "tid": "782096"
  },
  {
    "date": 1486486471,
    "date_ms": 1486486471095,
    "price": 1051.2200,
    "amount": 0.02430,
    "type": "sell",
    "tid": "782094"
  },
  {
    "date": 1486486433,
    "date_ms": 1486486433360,
    "price": 1051.5200,
    "amount": 0.04900,
    "type": "sell",
    "tid": "782091"
  },
  {
    "date": 1486486402,
    "date_ms": 1486486402595,
    "price": 1050.2300,
    "amount": 0.02200,
    "type": "buy",
    "tid": "782088"
  },
  {
    "date": 1486486379,
    "date_ms": 1486486379189,
    "price": 1049.7700,
    "amount": 0.04670,
    "type": "buy",
    "tid": "782085"
  },
  {
    "date": 1486486344,
    "date_ms": 1486486344017,
    "price": 1051.6500,
    "amount": 0.01960,
    "type": "sell",
    "tid": "782083"
  },
  {
    "date": 1486486318,
    "date_ms": 1486486318549,
    "price": 1050.8700,
    "amount": 0.04430,
    "type": "sell",
    "tid": "782081"
  },
  {
    "date": 1486486296,
    "date_ms": 1486486296643,
    "price": 1049.7200,
    "amount": 0.01730,
    "type": "buy",
    "tid": "782079"
  },
  {
    "date": 1486486275,
    "date_ms": 1486486275534,
    "price": 1050.4400,
    "amount": 0.04200,
    "type": "buy",
    "tid": "782078"
  },
  {
    "date": 1486486240,
    "date_ms": 1486486240472,
    "price": 1050.6100,
    "amount": 0.01500,
    "type": "buy",
    "tid": "782074"
  },
  {
    "date": 1486486200,
    "date_ms": 1486486200566,
    "price": 1050.4400,
    "amount": 0.03970,
    "type": "buy",
    "tid": "782072"
  },
  {
    "date": 1486486173,
    "date_ms": 1486486173426,
    "price": 1050.1900,
    "amount": 0.01270,
    "type": "buy",
    "tid": "782069"
  },
  {
    "date": 1486486145,
    "date_ms": 1486486145020,
    "price": 1050.4800,
    "amount": 0.03740,
    "type": "buy",
    "tid": "782067"
  },
  {
    "date": 1486486112,
    "date_ms": 1486486112474,
    "price": 1051.0500,
    "amount": 0.01040,
    "type": "sell",
    "tid": "782066"
  },
  {
    "date": 1486486075,
    "date_ms": 1486486075240,
    "price": 1051.3800,
    "amount": 0.03510,
    "type": "sell",
    "tid": "782064"
  },
  {
    "date": 1486486039,
    "date_ms": 1486486039897,
    "price": 1051.0200,
    "amount": 0.00800,
    "type": "sell",
    "tid": "782061"
  },
  {
    "date": 1486486002,
    "date_ms": 1486486002569,
    "price": 1050.9500,
    "amount": 0.03270,
    "type": "sell",
    "tid": "782059"
  },
  {
    "date": 1486485962,
    "date_ms": 1486485962601,
    "price": 1050.5600,
    "amount": 0.00570,
    "type": "buy",
    "tid": "782055"
  },
  {
    "date": 1486485936,
    "date_ms": 1486485936195,
    "price": 1049.7500,
    "amount": 0.03040,
    "type": "buy",
    "tid": "782053"
  },
  {
    "date": 1486485903,
    "date_ms": 1486485903633,
    "price": 1050.5800,
    "amount": 0.00340,
    "type": "buy",
    "tid": "782051"
  },
  {
    "date": 1486485862,
    "date_ms": 1486485862025,
    "price": 1050.3900,
    "amount": 0.02810,
    "type": "buy",
    "tid": "782048"
  },
  {
    "date": 1486485826,
    "date_ms": 1486485826682,
    "price": 1050.1800,
    "amount": 0.00110,
    "type": "buy",
    "tid": "782045"
  },
  {
    "date": 1486485787,
    "date_ms": 1486485787260,
    "price": 1051.3600,
    "amount": 0.02580,
    "type": "sell",
    "tid": "782042"
  },
  {
    "date": 1486485756,
    "date_ms": 1486485756620,
    "price": 1050.7900,
    "amount": 0.05050,
    "type": "sell",
    "tid": "782041"
  },
  {
    "date": 1486485737,
    "date_ms": 1486485737198,
    "price": 1050.4200,
    "amount": 0.02350,
    "type": "buy",
    "tid": "782039"
  },
  {
    "date": 1486485693,
    "date_ms": 1486485693980,
    "price": 1051.7000,
    "amount": 0.04820,
    "type": "sell",
    "tid": "782035"
  },
  {
    "date": 1486485667,
    "date_ms": 1486485667778,
    "price": 1049.8100,
    "amount": 0.02110,
    "type": "buy",
    "tid": "782033"
  },
  {
    "date": 1486485639,
    "date_ms": 1486485639684,
    "price": 1050.6600,
    "amount": 0.04580,
    "type": "buy",
    "tid": "782031"
  },
  {
    "date": 1486485618,
    "date_ms": 1486485618685,
    "price": 1050.2100,
    "amount": 0.01020,
    "type": "buy",
    "tid": "782029"
  },
  {
    "date": 1486485584,
    "date_ms": 1486485584966,
    "price": 1050.8500,
    "amount": 0.07000,
    "type": "sell",
    "tid": "782027"
  },
  {
    "date": 1486485563,
    "date_ms": 1486485563154,
    "price": 1051.4700,
    "amount": 0.00460,
    "type": "sell",
    "tid": "782024"
  },
  {
    "date": 1486485527,
    "date_ms": 1486485527545,
    "price": 1050.9300,
    "amount": 0.06430,
    "type": "sell",
    "tid": "782021"
  },
  {
    "date": 1486485498,
    "date_ms": 1486485498874,
    "price": 1051.1400,
    "amount": 0.12420,
    "type": "sell",
    "tid": "782020"
  },
  {
    "date": 1486485467,
    "date_ms": 1486485467578,
    "price": 1050.0600,
    "amount": 0.05880,
    "type": "buy",
    "tid": "782018"
  },
  {
    "date": 1486485434,
    "date_ms": 1486485434672,
    "price": 1051.5100,
    "amount": 0.11860,
    "type": "sell",
    "tid": "782015"
  },
  {
    "date": 1486485395,
    "date_ms": 1486485395876,
    "price": 1050.4400,
    "amount": 0.05320,
    "type": "buy",
    "tid": "782012"
  },
  {
    "date": 1486485381,
    "date_ms": 1486485381126,
    "price": 1051.6400,
    "amount": 0.11290,
    "type": "sell",
    "tid": "782010"
  },
  {
    "date": 1486485361,
    "date_ms": 1486485361235,
    "price": 1050.2300,
    "amount": 0.04750,
    "type": "buy",
    "tid": "782008"
  },
  {
    "date": 1486485323,
    "date_ms": 1486485323033,
    "price": 1051.0800,
    "amount": 0.10730,
    "type": "sell",
    "tid": "782005"
  },
  {
    "date": 1486485294,
    "date_ms": 1486485294143,
    "price": 1050.4200,
    "amount": 0.04190,
    "type": "buy",
    "tid": "782003"
  },
  {
    "date": 1486485276,
    "date_ms": 1486485276893,
    "price": 1050.6900,
    "amount": 0.10160,
    "type": "buy",
    "tid": "782002"
  },
  {
    "date": 1486485260,
    "date_ms": 1486485260721,
    "price": 1050.2400,
    "amount": 0.03630,
    "type": "buy",
    "tid": "782001"
  },
  {
    "date": 1486485228,
    "date_ms": 1486485228956,
    "price": 1051.4900,
    "amount": 0.09610,
    "type": "sell",
    "tid": "781998"
  },
  {
    "date": 1486485210,
    "date_ms": 1486485210285,
    "price": 1051.4600,
    "amount": 0.03080,
    "type": "sell",
    "tid": "781996"
  },
  {
    "date": 1486485171,
    "date_ms": 1486485171129,
    "price": 1050.5700,
    "amount": 0.09050,
    "type": "buy",
    "tid": "781994"
  },
  {
    "date": 1486485129,
    "date_ms": 1486485129755,
    "price": 1051.0000,
    "amount": 0.02510,
    "type": "sell",
    "tid": "781992"
  },
  {
    "date": 1486485095,
    "date_ms": 1486485095349,
    "price": 1050.9900,
    "amount": 0.08490,
    "type": "sell",
    "tid": "781989"
  },
  {
    "date": 1486485055,
    "date_ms": 1486485055068,
    "price": 1050.2100,
    "amount": 0.01950,
    "type": "buy",
    "tid": "781986"
  },
  {
    "date": 1486485029,
    "date_ms": 1486485029865,
    "price": 1050.7600,
    "amount": 0.07920,
    "type": "sell",
    "tid": "781985"
  },
  {
    "date": 1486484995,
    "date_ms": 1486484995054,
    "price": 1049.8300,
    "amount": 0.01390,
    "type": "buy",
    "tid": "781982"
  },
  {
    "date": 1486484969,
    "date_ms": 1486484969210,
    "price": 1051.4900,
    "amount": 0.07360,
    "type": "sell",
    "tid": "781980"
  },
  {
    "date": 1486484937,
    "date_ms": 1486484937195,
    "price": 1051.1700,
    "amount": 0.00820,
    "type": "sell",
    "tid": "781978"
  },
  {
    "date": 1486484909,
    "date_ms": 1486484909336,
    "price": 1050.3800,
    "amount": 0.06800,
    "type": "buy",
    "tid": "781975"
  },
  {
    "date": 1486484875,
    "date_ms": 1486484875680,
    "price": 1050.0000,
    "amount": 0.00270,
    "type": "buy",
    "tid": "781973"
  },
  {
    "date": 1486484845,
    "date_ms": 1486484845618,
    "price": 1050.6400,
    "amount": 0.06240,
    "type": "buy",
    "tid": "781971"
  },
  {
    "date": 1486484810,
    "date_ms": 1486484810134,
    "price": 1050.5900,
    "amount": 0.12220,
    "type": "buy",
    "tid": "781968"
  },
  {
    "date": 1486484776,
    "date_ms": 1486484776760,
    "price": 1050.0300,
    "amount": 0.05680,
    "type": "buy",
    "tid": "781966"
  },
  {
    "date": 1486484734,
    "date_ms": 1486484734886,
    "price": 1050.8100,
    "amount": 0.11660,
    "type": "sell",
    "tid": "781963"
  },
  {
    "date": 1486484713,
    "date_ms": 1486484713511,
    "price": 1051.0800,
    "amount": 0.05120,
    "type": "sell",
    "tid": "781961"
  },
  {
    "date": 1486484687,
    "date_ms": 1486484687996,
    "price": 1050.2400,
    "amount": 0.11090,
    "type": "buy",
    "tid": "781959"
  },
  {
    "date": 1486484653,
    "date_ms": 1486484653887,
    "price": 1051.3800,
    "amount": 0.04550,
    "type": "sell",
    "tid": "781956"
  },
  {
    "date": 1486484627,
    "date_ms": 1486484627419,
    "price": 1051.6900,
    "amount": 0.00100,
    "type": "sell",
    "tid": "781954"
  },
  {
    "date": 1486484582,
    "date_ms": 1486484582075,
    "price": 1050.0500,
    "amount": 0.01400,
    "type": "buy",
    "tid": "781951"
  },
  {
    "date": 1486484553,
    "date_ms": 1486484553732,
    "price": 1051.1100,
    "amount": 0.02710,
    "type": "sell",
    "tid": "781949"
  },
  {
    "date": 1486484512,
    "date_ms": 1486484512951,
    "price": 1050.0000,
    "amount": 0.01280,
    "type": "buy",
    "tid": "781946"
  },
  {
    "date": 1486484495,
    "date_ms": 1486484495530,
    "price": 1049.9500,
    "amount": 0.02580,
    "type": "buy",
    "tid": "781943"
  },
  {
    "date": 1486484466,
    "date_ms": 1486484466796,
    "price": 1051.4800,
    "amount": 0.01160,
    "type": "sell",
    "tid": "781941"
  },
  {
    "date": 1486484422,
    "date_ms": 1486484422859,
    "price": 1050.1200,
    "amount": 0.02460,
    "type": "buy",
    "tid": "781939"
  },
  {
    "date": 1486484394,
    "date_ms": 1486484394563,
    "price": 1049.8900,
    "amount": 0.01030,
    "type": "buy",
    "tid": "781936"
  },
  {
    "date": 1486484367,
    "date_ms": 1486484367922,
    "price": 1050.5600,
    "amount": 0.02340,
    "type": "buy",
    "tid": "781935"
  },
  {
    "date": 1486484341,
    "date_ms": 1486484341954,
    "price": 1050.8300,
    "amount": 0.00910,
    "type": "sell",
    "tid": "781933"
  },
  {
    "date": 1486484308,
    "date_ms": 1486484308033,
    "price": 1050.3600,
    "amount": 0.02220,
    "type": "buy",
    "tid": "781931"
  },
  {
    "date": 1486484270,
    "date_ms": 1486484270830,
    "price": 1051.6800,
    "amount": 0.00790,
    "type": "sell",
    "tid": "781928"
  },
  {
    "date": 1486484236,
    "date_ms": 1486484236331,
    "price": 1050.4600,
    "amount": 0.02100,
    "type": "buy",
    "tid": "781927"
  },
  {
    "date": 1486484216,
    "date_ms": 1486484216581,
    "price": 1050.2300,
    "amount": 0.00670,
    "type": "buy",
    "tid": "781925"
  },
  {
    "date": 1486484186,
    "date_ms": 1486484186113,
    "price": 1051.2600,
    "amount": 0.01970,
    "type": "sell",
    "tid": "781923"
  },
  {
    "date": 1486484165,
    "date_ms": 1486484165222,
    "price": 1050.7800,
    "amount": 0.00540,
    "type": "sell",
    "tid": "781921"
  },
  {
    "date": 1486484139,
    "date_ms": 1486484139051,
    "price": 1050.4100,
    "amount": 0.01850,
    "type": "buy",
    "tid": "781918"
  },
  {
    "date": 1486484108,
    "date_ms": 1486484108442,
    "price": 1049.8700,
    "amount": 0.00420,
    "type": "buy",
    "tid": "781917"
  },
  {
    "date": 1486484065,
    "date_ms": 1486484065583,
    "price": 1051.1200,
    "amount": 0.01730,
    "type": "sell",
    "tid": "781914"
  },
  {
    "date": 1486484035,
    "date_ms": 1486484035162,
    "price": 1050.4600,
    "amount": 0.00300,
    "type": "buy",
    "tid": "781911"
  },
  {
    "date": 1486483991,
    "date_ms": 1486483991038,
    "price": 1050.6100,
    "amount": 0.01600,
    "type": "buy",
    "tid": "781909"
  },
  {
    "date": 1486483956,
    "date_ms": 1486483956897,
    "price": 1049.8200,
    "amount": 0.00180,
    "type": "buy",
    "tid": "781907"
  },
  {
    "date": 1486483923,
    "date_ms": 1486483923554,
    "price": 1049.8400,
    "amount": 0.01480,
    "type": "buy",
    "tid": "781904"
  },
  {
    "date": 1486483863,
    "date_ms": 1486483863789,
    "price": 1050.4800,
    "amount": 0.01360,
    "type": "buy",
    "tid": "781901"
  },
  {
    "date": 1486483843,
    "date_ms": 1486483843040,
    "price": 1050.2000,
    "amount": 0.02660,
    "type": "buy",
    "tid": "781899"
  },
  {
    "date": 1486483803,
    "date_ms": 1486483803134,
    "price": 1050.8400,
    "amount": 0.01240,
    "type": "sell",
    "tid": "781896"
  },
  {
    "date": 1486483782,
    "date_ms": 1486483782431,
    "price": 1050.5400,
    "amount": 0.02540,
    "type": "buy",
    "tid": "781894"
  },
  {
    "date": 1486483752,
    "date_ms": 1486483752963,
    "price": 1051.4700,
    "amount": 0.01110,
    "type": "sell",
    "tid": "781892"
  },
  {
    "date": 1486483714,
    "date_ms": 1486483714807,
    "price": 1051.0300,
    "amount": 0.02420,
    "type": "sell",
    "tid": "781889"
  },
  {
    "date": 1486483696,
    "date_ms": 1486483696651,
    "price": 1051.4700,
    "amount": 0.00990,
    "type": "sell",
    "tid": "781888"
  },
  {
    "date": 1486483662,
    "date_ms": 1486483662980,
    "price": 1051.0400,
    "amount": 0.02290,
    "type": "sell",
    "tid": "781886"
  },
  {
    "date": 1486483620,
    "date_ms": 1486483620934,
    "price": 1051.0400,
    "amount": 0.02310,
    "type": "sell",
    "tid": "781883"
  },
  {
    "date": 1486483595,
    "date_ms": 1486483595512,
    "price": 1051.7500,
    "amount": 0.04460,
    "type": "sell",
    "tid": "781881"
  },
  {
    "date": 1486483561,
    "date_ms": 1486483561357,
    "price": 1050.5900,
    "amount": 0.02110,
    "type": "buy",
    "tid": "781879"
  },
  {
    "date": 1486483522,
    "date_ms": 1486483522373,
    "price": 1050.8400,
    "amount": 0.04260,
    "type": "sell",
    "tid": "781876"
  },
  {
    "date": 1486483495,
    "date_ms": 1486483495545,
    "price": 1049.9400,
    "amount": 0.01910,
    "type": "buy",
    "tid": "781874"
  },
  {
    "date": 1486483460,
    "date_ms": 1486483460202,
    "price": 1051.7200,
    "amount": 0.04060,
    "type": "sell",
    "tid": "781871"
  },
  {
    "date": 1486483424,
    "date_ms": 1486483424968,
    "price": 1051.3600,
    "amount": 0.01710,
    "type": "sell",
    "tid": "781868"
  },
  {
    "date": 1486483399,
    "date_ms": 1486483399734,
    "price": 1051.6600,
    "amount": 0.03860,
    "type": "sell",
    "tid": "781867"
  },
  {
    "date": 1486483367,
    "date_ms": 1486483367063,
    "price": 1051.2300,
    "amount": 0.01500,
    "type": "sell",
    "tid": "781865"
  },
  {
    "date": 1486483338,
    "date_ms": 1486483338641,
    "price": 1049.9700,
    "amount": 0.03650,
    "type": "buy",
    "tid": "781863"
  },
  {
    "date": 1486483295,
    "date_ms": 1486483295783,
    "price": 1050.9000,
    "amount": 0.01300,
    "type": "sell",
    "tid": "781860"
  },
  {
    "date": 1486483272,
    "date_ms": 1486483272220,
    "price": 1050.9500,
    "amount": 0.03450,
    "type": "sell",
    "tid": "781859"
  },
  {
    "date": 1486483231,
    "date_ms": 1486483231940,
    "price": 1049.8800,
    "amount": 0.01100,
    "type": "buy",
    "tid": "781857"
  },
  {
    "date": 1486483198,
    "date_ms": 1486483198784,
    "price": 1051.0400,
    "amount": 0.03250,
    "type": "sell",
    "tid": "781854"
  },
  {
    "date": 1486483162,
    "date_ms": 1486483162066,
    "price": 1051.3400,
    "amount": 0.00900,
    "type": "sell",
    "tid": "781852"
  },
  {
    "date": 1486483139,
    "date_ms": 1486483139238,
    "price": 1051.2200,
    "amount": 0.03050,
    "type": "sell",
    "tid": "781849"
  },
  {
    "date": 1486483107,
    "date_ms": 1486483107738,
    "price": 1050.2300,
    "amount": 0.00700,
    "type": "buy",
    "tid": "781847"
  },
  {
    "date": 1486483067,
    "date_ms": 1486483067223,
    "price": 1051.2100,
    "amount": 0.02850,
    "type": "sell",
    "tid": "781845"
  },
  {
    "date": 1486483046,
    "date_ms": 1486483046193,
    "price": 1049.9500,
    "amount": 0.00500,
    "type": "buy",
    "tid": "781843"
  },
  {
    "date": 1486483031,
    "date_ms": 1486483031646,
    "price": 1051.6600,
    "amount": 0.02640,
    "type": "sell",
    "tid": "781841"
  },
  {
    "date": 1486483012,
    "date_ms": 1486483012662,
    "price": 1051.1500,
    "amount": 0.00290,
    "type": "sell",
    "tid": "781839"
  },
  {
    "date": 1486482974,
    "date_ms": 1486482974287,
    "price": 1051.2300,
    "amount": 0.02440,
    "type": "sell",
    "tid": "781837"
  },
  {
    "date": 1486482906,
    "date_ms": 1486482906163,
    "price": 1050.2600,
    "amount": 0.02240,
    "type": "buy",
    "tid": "781833"
  },
  {
    "date": 1486482884,
    "date_ms": 1486482884898,
    "price": 1050.9700,
    "amount": 0.04390,
    "type": "sell",
    "tid": "781831"
  },
  {
    "date": 1486482855,
    "date_ms": 1486482855914,
    "price": 1050.8100,
    "amount": 0.02040,
    "type": "buy",
    "tid": "781828"
  },
  {
    "date": 1486482827,
    "date_ms": 1486482827649,
    "price": 1051.2100,
    "amount": 0.04190,
    "type": "sell",
    "tid": "781825"
  },
  {
    "date": 1486482794,
    "date_ms": 1486482794540,
    "price": 1050.9100,
    "amount": 0.01840,
    "type": "sell",
    "tid": "781823"
  },
  {
    "date": 1486482760,
    "date_ms": 1486482760541,
    "price": 1050.6100,
    "amount": 0.03990,
    "type": "buy",
    "tid": "781820"
  },
  {
    "date": 1486482738,
    "date_ms": 1486482738213,
    "price": 1050.7300,
    "amount": 0.01630,
    "type": "buy",
    "tid": "781819"
  },
  {
    "date": 1486482701,
    "date_ms": 1486482701026,
    "price": 1049.8200,
    "amount": 0.03780,
    "type": "buy",
    "tid": "781816"
  },
  {
    "date": 1486482664,
    "date_ms": 1486482664901,
    "price": 1051.5500,
    "amount": 0.01430,
    "type": "sell",
    "tid": "781814"
  },
  {
    "date": 1486482635,
    "date_ms": 1486482635871,
    "price": 1050.6400,
    "amount": 0.14510,
    "type": "buy",
    "tid": "781811"
  },
  {
    "date": 1486482597,
    "date_ms": 1486482597762,
    "price": 1051.5500,
    "amount": 0.28000,
    "type": "sell",
    "tid": "781809"
  },
  {
    "date": 1486482581,
    "date_ms": 1486482581168,
    "price": 1051.6100,
    "amount": 0.13270,
    "type": "sell",
    "tid": "781807"
  },
  {
    "date": 1486482541,
    "date_ms": 1486482541622,
    "price": 1050.0800,
    "amount": 0.26730,
    "type": "buy",
    "tid": "781804"
  },
  {
    "date": 1486482522,
    "date_ms": 1486482522857,
    "price": 1050.3600,
    "amount": 0.12000,
    "type": "buy",
    "tid": "781802"
  },
  {
    "date": 1486482488,
    "date_ms": 1486482488467,
    "price": 1050.0200,
    "amount": 0.25460,
    "type": "buy",
    "tid": "781799"
  },
  {
    "date": 1486482453,
    "date_ms": 1486482453483,
    "price": 1051.6400,
    "amount": 0.10720,
    "type": "sell",
    "tid": "781796"
  },
  {
    "date": 1486482433,
    "date_ms": 1486482433077,
    "price": 1051.3800,
    "amount": 0.24190,
    "type": "sell",
    "tid": "781795"
  },
  {
    "date": 1486482398,
    "date_ms": 1486482398468,
    "price": 1050.5700,
    "amount": 0.09450,
    "type": "buy",
    "tid": "781792"
  },
  {
    "date": 1486482379,
    "date_ms": 1486482379906,
    "price": 1051.7400,
    "amount": 0.22920,
    "type": "sell",
    "tid": "781790"
  },
  {
    "date": 1486482345,
    "date_ms": 1486482345750,
    "price": 1050.5400,
    "amount": 0.08180,
    "type": "buy",
    "tid": "781786"
  },
  {
    "date": 1486482312,
    "date_ms": 1486482312563,
    "price": 1051.8100,
    "amount": 0.21680,
    "type": "sell",
    "tid": "781784"
  },
  {
    "date": 1486482280,
    "date_ms": 1486482280329,
    "price": 1049.9700,
    "amount": 0.06940,
    "type": "buy",
    "tid": "781783"
  },
  {
    "date": 1486482248,
    "date_ms": 1486482248439,
    "price": 1050.8400,
    "amount": 0.20410,
    "type": "sell",
    "tid": "781781"
  },
  {
    "date": 1486482231,
    "date_ms": 1486482231611,
    "price": 1051.2900,
    "amount": 0.05670,
    "type": "sell",
    "tid": "781778"
  },
  {
    "date": 1486482213,
    "date_ms": 1486482213236,
    "price": 1051.6500,
    "amount": 0.19140,
    "type": "sell",
    "tid": "781777"
  },
  {
    "date": 1486482180,
    "date_ms": 1486482180909,
    "price": 1051.3300,
    "amount": 0.04400,
    "type": "sell",
    "tid": "781775"
  },
  {
    "date": 1486482161,
    "date_ms": 1486482161597,
    "price": 1050.4000,
    "amount": 0.17870,
    "type": "buy",
    "tid": "781772"
  },
  {
    "date": 1486482128,
    "date_ms": 1486482128285,
    "price": 1051.2700,
    "amount": 0.03130,
    "type": "sell",
    "tid": "781770"
  },
  {
    "date": 1486482085,
    "date_ms": 1486482085207,
    "price": 1050.1400,
    "amount": 0.16600,
    "type": "buy",
    "tid": "781768"
  },
  {
    "date": 1486482060,
    "date_ms": 1486482060973,
    "price": 1049.9100,
    "amount": 0.01860,
    "type": "buy",
    "tid": "781766"
  },
  {
    "date": 1486482022,
    "date_ms": 1486482022333,
    "price": 1050.5600,
    "amount": 0.15330,
    "type": "buy",
    "tid": "781762"
  },
  {
    "date": 1486481992,
    "date_ms": 1486481992537,
    "price": 1050.8400,
    "amount": 0.00620,
    "type": "sell",
    "tid": "781761"
  },
  {
    "date": 1486481972,
    "date_ms": 1486481972740,
    "price": 1049.9700,
    "amount": 0.14080,
    "type": "buy",
    "tid": "781759"
  },
  {
    "date": 1486481955,
    "date_ms": 1486481955600,
    "price": 1051.3100,
    "amount": 0.27550,
    "type": "sell",
    "tid": "781758"
  },
  {
    "date": 1486481916,
    "date_ms": 1486481916913,
    "price": 1050.4000,
    "amount": 0.12810,
    "type": "buy",
    "tid": "781754"
  },
  {
    "date": 1486481900,
    "date_ms": 1486481900351,
    "price": 1051.7500,
    "amount": 0.26280,
    "type": "sell",
    "tid": "781753"
  },
  {
    "date": 1486481862,
    "date_ms": 1486481862289,
    "price": 1051.5100,
    "amount": 0.11540,
    "type": "sell",
    "tid": "781751"
  },
  {
    "date": 1486481829,
    "date_ms": 1486481829008,
    "price": 1050.6300,
    "amount": 0.25010,
    "type": "buy",
    "tid": "781747"
  },
  {
    "date": 1486481803,
    "date_ms": 1486481803946,
    "price": 1050.9800,
    "amount": 0.10270,
    "type": "sell",
    "tid": "781745"
  },
  {
    "date": 1486481759,
    "date_ms": 1486481759056,
    "price": 1051.3000,
    "amount": 0.23740,
    "type": "sell",
    "tid": "781742"
  },
  {
    "date": 1486481716,
    "date_ms": 1486481716760,
    "price": 1051.3200,
    "amount": 0.09000,
    "type": "sell",
    "tid": "781739"
  },
  {
    "date": 1486481689,
    "date_ms": 1486481689932,
    "price": 1050.0500,
    "amount": 0.22500,
    "type": "buy",
    "tid": "781736"
  },
  {
    "date": 1486481675,
    "date_ms": 1486481675198,
    "price": 1050.6900,
    "amount": 0.07370,
    "type": "buy",
    "tid": "781734"
  },
  {
    "date": 1486481637,
    "date_ms": 1486481637527,
    "price": 1049.9800,
    "amount": 0.14860,
    "type": "buy",
    "tid": "781732"
  },
  {
    "date": 1486481608,
    "date_ms": 1486481608480,
    "price": 1051.1100,
    "amount": 0.06670,
    "type": "sell",
    "tid": "781730"
  },
  {
    "date": 1486481579,
    "date_ms": 1486481579496,
    "price": 1051.2400,
    "amount": 0.14150,
    "type": "sell",
    "tid": "781727"
  },
  {
    "date": 1486481557,
    "date_ms": 1486481557996,
    "price": 1050.7600,
    "amount": 0.05960,
    "type": "buy",
    "tid": "781726"
  },
  {
    "date": 1486481516,
    "date_ms": 1486481516044,
    "price": 1051.1300,
    "amount": 0.13450,
    "type": "sell",
    "tid": "781722"
  },
  {
    "date": 1486481493,
    "date_ms": 1486481493982,
    "price": 1051.3600,
    "amount": 0.05250,
    "type": "sell",
    "tid": "781720"
  },
  {
    "date": 1486481453,
    "date_ms": 1486481453904,
    "price": 1050.5900,
    "amount": 0.12740,
    "type": "buy",
    "tid": "781718"
  },
  {
    "date": 1486481435,
    "date_ms": 1486481435186,
    "price": 1050.6900,
    "amount": 0.04550,
    "type": "buy",
    "tid": "781716"
  },
  {
    "date": 1486481394,
    "date_ms": 1486481394905,
    "price": 1051.7000,
    "amount": 0.12050,
    "type": "sell",
    "tid": "781713"
  },
  {
    "date": 1486481375,
    "date_ms": 1486481375484,
    "price": 1051.2200,
    "amount": 0.03860,
    "type": "sell",
    "tid": "781711"
  },
  {
    "date": 1486481334,
    "date_ms": 1486481334469,
    "price": 1051.8100,
    "amount": 0.11340,
    "type": "sell",
    "tid": "781709"
  },
  {
    "date": 1486481290,
    "date_ms": 1486481290485,
    "price": 1050.5300,
    "amount": 0.03150,
    "type": "buy",
    "tid": "781706"
  },
  {
    "date": 1486481261,
    "date_ms": 1486481261110,
    "price": 1051.4800,
    "amount": 0.10640,
    "type": "sell",
    "tid": "781705"
  },
  {
    "date": 1486481235,
    "date_ms": 1486481235345,
    "price": 1051.0300,
    "amount": 0.02440,
    "type": "sell",
    "tid": "781702"
  },
  {
    "date": 1486481217,
    "date_ms": 1486481217580,
    "price": 1051.1000,
    "amount": 0.09930,
    "type": "sell",
    "tid": "781700"
  },
  {
    "date": 1486481186,
    "date_ms": 1486481186518,
    "price": 1051.7900,
    "amount": 0.01740,
    "type": "sell",
    "tid": "781698"
  },
  {
    "date": 1486481156,
    "date_ms": 1486481156643,
    "price": 1051.0200,
    "amount": 0.09220,
    "type": "sell",
    "tid": "781695"
  },
  {
    "date": 1486481136,
    "date_ms": 1486481136003,
    "price": 1051.5400,
    "amount": 0.01030,
    "type": "sell",
    "tid": "781694"
  },
  {
    "date": 1486481100,
    "date_ms": 1486481100128,
    "price": 1051.0300,
    "amount": 0.08520,
    "type": "sell",
    "tid": "781691"
  },
  {
    "date": 1486481074,
    "date_ms": 1486481074723,
    "price": 1050.0900,
    "amount": 0.00340,
    "type": "buy",
    "tid": "781689"
  },
  {
    "date": 1486481050,
    "date_ms": 1486481050051,
    "price": 1050.9300,
    "amount": 0.07830,
    "type": "sell",
    "tid": "781687"
  },
  {
    "date": 1486481023,
    "date_ms": 1486481023973,
    "price": 1051.4400,
    "amount": 0.15310,
    "type": "sell",
    "tid": "781685"
  },
  {
    "date": 1486480982,
    "date_ms": 1486480982708,
    "price": 1049.8500,
    "amount": 0.07120,
    "type": "buy",
    "tid": "781683"
  },
  {
    "date": 1486480946,
    "date_ms": 1486480946443,
    "price": 1051.1100,
    "amount": 0.14610,
    "type": "sell",
    "tid": "781680"
  },
  {
    "date": 1486480919,
    "date_ms": 1486480919491,
    "price": 1050.3200,
    "amount": 0.06410,
    "type": "buy",
    "tid": "781678"
  },
  {
    "date": 1486480886,
    "date_ms": 1486480886679,
    "price": 1050.1200,
    "amount": 0.13900,
    "type": "buy",
    "tid": "781675"
  },
  {
    "date": 1486480863,
    "date_ms": 1486480863070,
    "price": 1050.2800,
    "amount": 0.05710,
    "type": "buy",
    "tid": "781671"
  },
  {
    "date": 1486480826,
    "date_ms": 1486480826039,
    "price": 1050.4700,
    "amount": 0.13200,
    "type": "buy",
    "tid": "781668"
  },
  {
    "date": 1486480792,
    "date_ms": 1486480792336,
    "price": 1051.3800,
    "amount": 0.05000,
    "type": "sell",
    "tid": "781666"
  },
  {
    "date": 1486480760,
    "date_ms": 1486480760368,
    "price": 1050.2900,
    "amount": 0.12510,
    "type": "buy",
    "tid": "781664"
  },
  {
    "date": 1486480716,
    "date_ms": 1486480716931,
    "price": 1050.3700,
    "amount": 0.04310,
    "type": "buy",
    "tid": "781661"
  },
  {
    "date": 1486480676,
    "date_ms": 1486480676338,
    "price": 1050.3500,
    "amount": 0.04930,
    "type": "buy",
    "tid": "781658"
  },
  {
    "date": 1486480635,
    "date_ms": 1486480635307,
    "price": 1050.6800,
    "amount": 0.09940,
    "type": "buy",
    "tid": "781655"
  },
  {
    "date": 1486480603,
    "date_ms": 1486480603152,
    "price": 1050.3500,
    "amount": 0.04460,
    "type": "buy",
    "tid": "781653"
  },
  {
    "date": 1486480585,
    "date_ms": 1486480585824,
    "price": 1051.3700,
    "amount": 0.09470,
    "type": "sell",
    "tid": "781651"
  },
  {
    "date": 1486480558,
    "date_ms": 1486480558402,
    "price": 1051.2800,
    "amount": 0.03990,
    "type": "sell",
    "tid": "781649"
  },
  {
    "date": 1486480532,
    "date_ms": 1486480532840,
    "price": 1051.5500,
    "amount": 0.09000,
    "type": "sell",
    "tid": "781646"
  },
  {
    "date": 1486480502,
    "date_ms": 1486480502544,
    "price": 1051.7100,
    "amount": 0.03510,
    "type": "sell",
    "tid": "781644"
  },
  {
    "date": 1486480461,
    "date_ms": 1486480461685,
    "price": 1050.4400,
    "amount": 0.08520,
    "type": "buy",
    "tid": "781641"
  },
  {
    "date": 1486480426,
    "date_ms": 1486480426076,
    "price": 1050.5600,
    "amount": 0.03040,
    "type": "buy",
    "tid": "781639"
  },
  {
    "date": 1486480405,
    "date_ms": 1486480405701,
    "price": 1050.0500,
    "amount": 0.08060,
    "type": "buy",
    "tid": "781637"
  },
  {
    "date": 1486480371,
    "date_ms": 1486480371390,
    "price": 1049.8500,
    "amount": 0.02580,
    "type": "buy",
    "tid": "781634"
  },
  {
    "date": 1486480344,
    "date_ms": 1486480344437,
    "price": 1050.9800,
    "amount": 0.07590,
    "type": "sell",
    "tid": "781632"
  },
  {
    "date": 1486480310,
    "date_ms": 1486480310359,
    "price": 1049.8900,
    "amount": 0.02110,
    "type": "buy",
    "tid": "781630"
  },
  {
    "date": 1486480273,
    "date_ms": 1486480273360,
    "price": 1051.2600,
    "amount": 0.07120,
    "type": "sell",
    "tid": "781628"
  },
  {
    "date": 1486480252,
    "date_ms": 1486480252001,
    "price": 1049.9200,
    "amount": 0.01630,
    "type": "buy",
    "tid": "781626"
  },
  {
    "date": 1486480223,
    "date_ms": 1486480223157,
    "price": 1051.3700,
    "amount": 0.06640,
    "type": "sell",
    "tid": "781624"
  },
  {
    "date": 1486480200,
    "date_ms": 1486480200345,
    "price": 1051.0800,
    "amount": 0.01160,
    "type": "sell",
    "tid": "781621"
  },
  {
    "date": 1486480181,
    "date_ms": 1486480181158,
    "price": 1050.6200,
    "amount": 0.06170,
    "type": "buy",
    "tid": "781619"
  },
  {
    "date": 1486480148,
    "date_ms": 1486480148252,
    "price": 1050.4000,
    "amount": 0.00690,
    "type": "buy",
    "tid": "781616"
  },
  {
    "date": 1486480113,
    "date_ms": 1486480113550,
    "price": 1050.5200,
    "amount": 0.05700,
    "type": "buy",
    "tid": "781613"
  },
  {
    "date": 1486480071,
    "date_ms": 1486480071175,
    "price": 1050.0300,
    "amount": 0.00230,
    "type": "buy",
    "tid": "781611"
  },
  {
    "date": 1486480053,
    "date_ms": 1486480053379,
    "price": 1050.6300,
    "amount": 0.05240,
    "type": "buy",
    "tid": "781610"
  },
  {
    "date": 1486480035,
    "date_ms": 1486480035238,
    "price": 1051.5800,
    "amount": 0.10250,
    "type": "sell",
    "tid": "781608"
  },
  {
    "date": 1486480007,
    "date_ms": 1486480007692,
    "price": 1050.3200,
    "amount": 0.04760,
    "type": "buy",
    "tid": "781605"
  },
  {
    "date": 1486479983,
    "date_ms": 1486479983974,
    "price": 1050.6200,
    "amount": 0.09770,
    "type": "buy",
    "tid": "781603"
  },
  {
    "date": 1486479964,
    "date_ms": 1486479964318,
    "price": 1049.9300,
    "amount": 0.04290,
    "type": "buy",
    "tid": "781601"
  },
  {
    "date": 1486479923,
    "date_ms": 1486479923381,
    "price": 1050.5500,
    "amount": 0.09300,
    "type": "buy",
    "tid": "781598"
  },
  {
    "date": 1486479896,
    "date_ms": 1486479896772,
    "price": 1051.6800,
    "amount": 0.03820,
    "type": "sell",
    "tid": "781595"
  },
  {
    "date": 1486479879,
    "date_ms": 1486479879256,
    "price": 1051.6400,
    "amount": 0.08830,
    "type": "sell",
    "tid": "781594"
  },
  {
    "date": 1486479845,
    "date_ms": 1486479845007,
    "price": 1050.7600,
    "amount": 0.03350,
    "type": "buy",
    "tid": "781591"
  },
  {
    "date": 1486479817,
    "date_ms": 1486479817148,
    "price": 1050.9600,
    "amount": 0.08370,
    "type": "sell",
    "tid": "781589"
  },
  {
    "date": 1486479775,
    "date_ms": 1486479775492,
    "price": 1051.5800,
    "amount": 0.02880,
    "type": "sell",
    "tid": "781586"
  },
  {
    "date": 1486479735,
    "date_ms": 1486479735524,
    "price": 1050.8400,
    "amount": 0.07890,
    "type": "sell",
    "tid": "781584"
  },
  {
    "date": 1486479698,
    "date_ms": 1486479698806,
    "price": 1050.4200,
    "amount": 0.16160,
    "type": "buy",
    "tid": "781580"
  },
  {
    "date": 1486479661,
    "date_ms": 1486479661916,
    "price": 1051.6100,
    "amount": 0.06800,
    "type": "sell",
    "tid": "781578"
  },
  {
    "date": 1486479625,
    "date_ms": 1486479625635,
    "price": 1051.8100,
    "amount": 0.15350,
    "type": "sell",
    "tid": "781574"
  },
  {
    "date": 1486479592,
    "date_ms": 1486479592823,
    "price": 1050.4700,
    "amount": 0.06000,
    "type": "buy",
    "tid": "781573"
  },
  {
    "date": 1486479569,
    "date_ms": 1486479569995,
    "price": 1051.6000,
    "amount": 0.14540,
    "type": "sell",
    "tid": "781571"
  },
  {
    "date": 1486479546,
    "date_ms": 1486479546590,
    "price": 1050.7900,
    "amount": 0.05190,
    "type": "buy",
    "tid": "781569"
  },
  {
    "date": 1486479516,
    "date_ms": 1486479516965,
    "price": 1051.7000,
    "amount": 0.13750,
    "type": "sell",
    "tid": "781566"
  },
  {
    "date": 1486479492,
    "date_ms": 1486479492512,
    "price": 1050.3000,
    "amount": 0.04400,
    "type": "buy",
    "tid": "781564"
  },
  {
    "date": 1486479452,
    "date_ms": 1486479452653,
    "price": 1051.6900,
    "amount": 0.12950,
    "type": "sell",
    "tid": "781562"
  },
  {
    "date": 1486479417,
    "date_ms": 1486479417295,
    "price": 1049.8500,
    "amount": 0.03600,
    "type": "buy",
    "tid": "781559"
  },
  {
    "date": 1486479399,
    "date_ms": 1486479399248,
    "price": 1050.8700,
    "amount": 0.12140,
    "type": "sell",
    "tid": "781558"
  },
  {
    "date": 1486479365,
    "date_ms": 1486479365811,
    "price": 1050.9800,
    "amount": 0.02790,
    "type": "sell",
    "tid": "781556"
  },
  {
    "date": 1486479342,
    "date_ms": 1486479342249,
    "price": 1049.8600,
    "amount": 0.11340,
    "type": "buy",
    "tid": "781553"
  },
  {
    "date": 1486479307,
    "date_ms": 1486479307390,
    "price": 1050.7100,
    "amount": 0.01980,
    "type": "buy",
    "tid": "781551"
  },
  {
    "date": 1486479273,
    "date_ms": 1486479273437,
    "price": 1051.2900,
    "amount": 0.10530,
    "type": "sell",
    "tid": "781549"
  },
  {
    "date": 1486479253,
    "date_ms": 1486479253485,
    "price": 1051.6900,
    "amount": 0.01180,
    "type": "sell",
    "tid": "781546"
  },
  {
    "date": 1486479218,
    "date_ms": 1486479218860,
    "price": 1050.0100,
    "amount": 0.09720,
    "type": "buy",
    "tid": "781544"
  },
  {
    "date": 1486479181,
    "date_ms": 1486479181080,
    "price": 1050.6500,
    "amount": 0.00390,
    "type": "buy",
    "tid": "781541"
  },
  {
    "date": 1486479154,
    "date_ms": 1486479154424,
    "price": 1050.3700,
    "amount": 0.08940,
    "type": "buy",
    "tid": "781539"
  },
  {
    "date": 1486479114,
    "date_ms": 1486479114174,
    "price": 1051.2600,
    "amount": 0.17480,
    "type": "sell",
    "tid": "781536"
  },
  {
    "date": 1486479080,
    "date_ms": 1486479080144,
    "price": 1050.5800,
    "amount": 0.08130,
    "type": "buy",
    "tid": "781533"
  },
  {
    "date": 1486479059,
    "date_ms": 1486479059050,
    "price": 1050.3900,
    "amount": 0.16680,
    "type": "buy",
    "tid": "781532"
  },
  {
    "date": 1486479015,
    "date_ms": 1486479015707,
    "price": 1050.7600,
    "amount": 0.07320,
    "type": "buy",
    "tid": "781528"
  },
  {
    "date": 1486478986,
    "date_ms": 1486478986082,
    "price": 1051.4100,
    "amount": 0.15870,
    "type": "sell",
    "tid": "781527"
  },
  {
    "date": 1486478948,
    "date_ms": 1486478948942,
    "price": 1049.8700,
    "amount": 0.06520,
    "type": "buy",
    "tid": "781524"
  },
  {
    "date": 1486478919,
    "date_ms": 1486478919849,
    "price": 1050.9900,
    "amount": 0.15060,
    "type": "sell",
    "tid": "781522"
  },
  {
    "date": 1486478882,
    "date_ms": 1486478882193,
    "price": 1049.9800,
    "amount": 0.05710,
    "type": "buy",
    "tid": "781519"
  },
  {
    "date": 1486478860,
    "date_ms": 1486478860678,
    "price": 1050.3500,
    "amount": 0.14270,
    "type": "buy",
    "tid": "781517"
  },
  {
    "date": 1486478818,
    "date_ms": 1486478818663,
    "price": 1050.0500,
    "amount": 0.04920,
    "type": "buy",
    "tid": "781514"
  },
  {
    "date": 1486478778,
    "date_ms": 1486478778351,
    "price": 1050.4400,
    "amount": 0.13470,
    "type": "buy",
    "tid": "781511"
  },
  {
    "date": 1486478755,
    "date_ms": 1486478755211,
    "price": 1050.3200,
    "amount": 0.04120,
    "type": "buy",
    "tid": "781509"
  },
  {
    "date": 1486478729,
    "date_ms": 1486478729539,
    "price": 1051.4300,
    "amount": 0.18810,
    "type": "sell",
    "tid": "781508"
  },
  {
    "date": 1486478692,
    "date_ms": 1486478692837,
    "price": 1050.6400,
    "amount": 0.08440,
    "type": "buy",
    "tid": "781504"
  },
  {
    "date": 1486478658,
    "date_ms": 1486478658166,
    "price": 1049.9200,
    "amount": 0.17910,
    "type": "buy",
    "tid": "781502"
  },
  {
    "date": 1486478640,
    "date_ms": 1486478640072,
    "price": 1051.0100,
    "amount": 0.07540,
    "type": "sell",
    "tid": "781500"
  },
  {
    "date": 1486478616,
    "date_ms": 1486478616322,
    "price": 1050.6000,
    "amount": 0.17020,
    "type": "buy",
    "tid": "781498"
  },
  {
    "date": 1486478600,
    "date_ms": 1486478600932,
    "price": 1050.0900,
    "amount": 0.06650,
    "type": "buy",
    "tid": "781496"
  },
  {
    "date": 1486478568,
    "date_ms": 1486478568167,
    "price": 1049.9900,
    "amount": 0.16120,
    "type": "buy",
    "tid": "781494"
  },
  {
    "date": 1486478545,
    "date_ms": 1486478545417,
    "price": 1051.1000,
    "amount": 0.05760,
    "type": "sell",
    "tid": "781492"
  },
  {
    "date": 1486478516,
    "date_ms": 1486478516308,
    "price": 1049.9700,
    "amount": 0.15250,
    "type": "buy",
    "tid": "781490"
  },
  {
    "date": 1486478485,
    "date_ms": 1486478485309,
    "price": 1050.2300,
    "amount": 0.04880,
    "type": "buy",
    "tid": "781487"
  },
  {
    "date": 1486478450,
    "date_ms": 1486478450450,
    "price": 1050.1700,
    "amount": 0.14360,
    "type": "buy",
    "tid": "781485"
  },
  {
    "date": 1486478423,
    "date_ms": 1486478423497,
    "price": 1050.4700,
    "amount": 0.03990,
    "type": "buy",
    "tid": "781484"
  },
  {
    "date": 1486478395,
    "date_ms": 1486478395388,
    "price": 1050.5200,
    "amount": 0.13460,
    "type": "buy",
    "tid": "781483"
  },
  {
    "date": 1486478369,
    "date_ms": 1486478369967,
    "price": 1050.7000,
    "amount": 0.03090,
    "type": "buy",
    "tid": "781480"
  },
  {
    "date": 1486478332,
    "date_ms": 1486478332514,
    "price": 1051.7200,
    "amount": 0.12570,
    "type": "sell",
    "tid": "781478"
  },
  {
    "date": 1486478309,
    "date_ms": 1486478309733,
    "price": 1051.5100,
    "amount": 0.02200,
    "type": "sell",
    "tid": "781475"
  },
  {
    "date": 1486478283,
    "date_ms": 1486478283421,
    "price": 1050.9800,
    "amount": 0.11670,
    "type": "sell",
    "tid": "781473"
  },
  {
    "date": 1486478260,
    "date_ms": 1486478260109,
    "price": 1050.0500,
    "amount": 0.01310,
    "type": "buy",
    "tid": "781471"
  },
  {
    "date": 1486478240,
    "date_ms": 1486478240266,
    "price": 1050.6200,
    "amount": 0.10780,
    "type": "buy",
    "tid": "781470"
  },
  {
    "date": 1486478198,
    "date_ms": 1486478198485,
    "price": 1051.5500,
    "amount": 0.00430,
    "type": "sell",
    "tid": "781466"
  },
  {
    "date": 1486478158,
    "date_ms": 1486478158095,
    "price": 1051.6300,
    "amount": 0.09910,
    "type": "sell",
    "tid": "781464"
  },
  {
    "date": 1486478130,
    "date_ms": 1486478130970,
    "price": 1050.0700,
    "amount": 0.19380,
    "type": "buy",
    "tid": "781462"
  },
  {
    "date": 1486478092,
    "date_ms": 1486478092987,
    "price": 1050.2800,
    "amount": 0.09010,
    "type": "buy",
    "tid": "781459"
  },
  {
    "date": 1486478075,
    "date_ms": 1486478075456,
    "price": 1050.0900,
    "amount": 0.18490,
    "type": "buy",
    "tid": "781457"
  },
  {
    "date": 1486478044,
    "date_ms": 1486478044862,
    "price": 1050.8800,
    "amount": 0.08120,
    "type": "sell",
    "tid": "781454"
  },
  {
    "date": 1486478007,
    "date_ms": 1486478007769,
    "price": 1050.1400,
    "amount": 0.17590,
    "type": "buy",
    "tid": "781451"
  },
  {
    "date": 1486477977,
    "date_ms": 1486477977520,
    "price": 1050.4400,
    "amount": 0.07230,
    "type": "buy",
    "tid": "781449"
  },
  {
    "date": 1486477952,
    "date_ms": 1486477952739,
    "price": 1051.2900,
    "amount": 0.16700,
    "type": "sell",
    "tid": "781447"
  },
  {
    "date": 1486477931,
    "date_ms": 1486477931645,
    "price": 1049.8500,
    "amount": 0.06330,
    "type": "buy",
    "tid": "781445"
  },
  {
    "date": 1486477900,
    "date_ms": 1486477900896,
    "price": 1050.3600,
    "amount": 0.15830,
    "type": "buy",
    "tid": "781443"
  },
  {
    "date": 1486477868,
    "date_ms": 1486477868584,
    "price": 1050.4400,
    "amount": 0.05460,
    "type": "buy",
    "tid": "781433"
  },
  {
    "date": 1486477827,
    "date_ms": 1486477827288,
    "price": 1050.0000,
    "amount": 0.14930,
    "type": "buy",
    "tid": "781420"
  },
  {
    "date": 1486477801,
    "date_ms": 1486477801788,
    "price": 1050.5500,
    "amount": 0.04560,
    "type": "buy",
    "tid": "781412"
  },
  {
    "date": 1486477770,
    "date_ms": 1486477770554,
    "price": 1050.1200,
    "amount": 0.14040,
    "type": "buy",
    "tid": "781408"
  },
  {
    "date": 1486477752,
    "date_ms": 1486477752273,
    "price": 1051.1500,
    "amount": 0.09580,
    "type": "sell",
    "tid": "781407"
  },
  {
    "date": 1486477716,
    "date_ms": 1486477716227,
    "price": 1050.9000,
    "amount": 0.04540,
    "type": "sell",
    "tid": "781404"
  },
  {
    "date": 1486477698,
    "date_ms": 1486477698290,
    "price": 1051.1100,
    "amount": 0.09140,
    "type": "sell",
    "tid": "781403"
  },
  {
    "date": 1486477660,
    "date_ms": 1486477660681,
    "price": 1050.8200,
    "amount": 0.04100,
    "type": "buy",
    "tid": "781399"
  },
  {
    "date": 1486477629,
    "date_ms": 1486477629447,
    "price": 1050.4100,
    "amount": 0.08710,
    "type": "buy",
    "tid": "781397"
  },
  {
    "date": 1486477597,
    "date_ms": 1486477597416,
    "price": 1050.8400,
    "amount": 0.03670,
    "type": "sell",
    "tid": "781395"
  },
  {
    "date": 1486477568,
    "date_ms": 1486477568042,
    "price": 1049.9200,
    "amount": 0.08280,
    "type": "buy",
    "tid": "781393"
  },
  {
    "date": 1486477549,
    "date_ms": 1486477549214,
    "price": 1050.8000,
    "amount": 0.03230,
    "type": "buy",
    "tid": "781391"
  },
  {
    "date": 1486477527,
    "date_ms": 1486477527683,
    "price": 1050.0000,
    "amount": 0.07840,
    "type": "buy",
    "tid": "781389"
  },
  {
    "date": 1486477491,
    "date_ms": 1486477491824,
    "price": 1050.6600,
    "amount": 0.02800,
    "type": "buy",
    "tid": "781386"
  },
  {
    "date": 1486477470,
    "date_ms": 1486477470856,
    "price": 1050.1500,
    "amount": 0.07420,
    "type": "buy",
    "tid": "781384"
  },
  {
    "date": 1486477449,
    "date_ms": 1486477449621,
    "price": 1051.6100,
    "amount": 0.02370,
    "type": "sell",
    "tid": "781383"
  },
  {
    "date": 1486477422,
    "date_ms": 1486477422450,
    "price": 1050.3600,
    "amount": 0.06980,
    "type": "buy",
    "tid": "781382"
  },
  {
    "date": 1486477401,
    "date_ms": 1486477401982,
    "price": 1050.7100,
    "amount": 0.01940,
    "type": "buy",
    "tid": "781379"
  },
  {
    "date": 1486477373,
    "date_ms": 1486477373326,
    "price": 1051.3600,
    "amount": 0.06550,
    "type": "sell",
    "tid": "781378"
  },
  {
    "date": 1486477345,
    "date_ms": 1486477345092,
    "price": 1051.5000,
    "amount": 0.01500,
    "type": "sell",
    "tid": "781375"
  },
  {
    "date": 1486477310,
    "date_ms": 1486477310577,
    "price": 1051.1600,
    "amount": 0.06110,
    "type": "sell",
    "tid": "781371"
  },
  {
    "date": 1486477285,
    "date_ms": 1486477285561,
    "price": 1050.8300,
    "amount": 0.01070,
    "type": "sell",
    "tid": "781369"
  },
  {
    "date": 1486477268,
    "date_ms": 1486477268062,
    "price": 1051.4300,
    "amount": 0.05680,
    "type": "sell",
    "tid": "781366"
  },
  {
    "date": 1486477225,
    "date_ms": 1486477225828,
    "price": 1050.6200,
    "amount": 0.00630,
    "type": "buy",
    "tid": "781364"
  },
  {
    "date": 1486477196,
    "date_ms": 1486477196703,
    "price": 1050.0200,
    "amount": 0.05240,
    "type": "buy",
    "tid": "781362"
  },
  {
    "date": 1486477160,
    "date_ms": 1486477160720,
    "price": 1051.3200,
    "amount": 0.00210,
    "type": "sell",
    "tid": "781360"
  },
  {
    "date": 1486477129,
    "date_ms": 1486477129189,
    "price": 1050.7900,
    "amount": 0.04820,
    "type": "buy",
    "tid": "781357"
  },
  {
    "date": 1486477105,
    "date_ms": 1486477105517,
    "price": 1050.2500,
    "amount": 0.09420,
    "type": "buy",
    "tid": "781355"
  },
  {
    "date": 1486477083,
    "date_ms": 1486477083658,
    "price": 1050.8200,
    "amount": 0.04380,
    "type": "buy",
    "tid": "781352"
  },
  {
    "date": 1486477062,
    "date_ms": 1486477062190,
    "price": 1051.7300,
    "amount": 0.08990,
    "type": "sell",
    "tid": "781351"
  },
  {
    "date": 1486477040,
    "date_ms": 1486477040331,
    "price": 1049.8900,
    "amount": 0.03950,
    "type": "buy",
    "tid": "781349"
  },
  {
    "date": 1486477019,
    "date_ms": 1486477019534,
    "price": 1051.2500,
    "amount": 0.08560,
    "type": "sell",
    "tid": "781348"
  },
  {
    "date": 1486476993,
    "date_ms": 1486476993394,
    "price": 1051.7800,
    "amount": 0.03510,
    "type": "sell",
    "tid": "781345"
  },
  {
    "date": 1486476975,
    "date_ms": 1486476975519,
    "price": 1051.5400,
    "amount": 0.08120,
    "type": "sell",
    "tid": "781343"
  },
  {
    "date": 1486476938,
    "date_ms": 1486476938129,
    "price": 1050.2500,
    "amount": 0.03080,
    "type": "buy",
    "tid": "781341"
  },
  {
    "date": 1486476906,
    "date_ms": 1486476906177,
    "price": 1050.7300,
    "amount": 0.07700,
    "type": "buy",
    "tid": "781338"
  },
  {
    "date": 1486476884,
    "date_ms": 1486476884271,
    "price": 1051.4600,
    "amount": 0.02650,
    "type": "sell",
    "tid": "781337"
  },
  {
    "date": 1486476857,
    "date_ms": 1486476857834,
    "price": 1050.7300,
    "amount": 0.07260,
    "type": "buy",
    "tid": "781335"
  },
  {
    "date": 1486476839,
    "date_ms": 1486476839475,
    "price": 1049.8800,
    "amount": 0.02220,
    "type": "buy",
    "tid": "781333"
  },
  {
    "date": 1486476818,
    "date_ms": 1486476818975,
    "price": 1051.4400,
    "amount": 0.06830,
    "type": "sell",
    "tid": "781332"
  },
  {
    "date": 1486476796,
    "date_ms": 1486476796538,
    "price": 1050.0200,
    "amount": 0.01780,
    "type": "buy",
    "tid": "781329"
  },
  {
    "date": 1486476757,
    "date_ms": 1486476757476,
    "price": 1050.7600,
    "amount": 0.00770,
    "type": "buy",
    "tid": "781327"
  },
  {
    "date": 1486476728,
    "date_ms": 1486476728851,
    "price": 1051.2900,
    "amount": 0.01870,
    "type": "sell",
    "tid": "781326"
  },
  {
    "date": 1486476705,
    "date_ms": 1486476705180,
    "price": 1050.3700,
    "amount": 0.00660,
    "type": "buy",
    "tid": "781323"
  },
  {
    "date": 1486476672,
    "date_ms": 1486476672555,
    "price": 1051.4000,
    "amount": 0.01760,
    "type": "sell",
    "tid": "781320"
  },
  {
    "date": 1486476644,
    "date_ms": 1486476644524,
    "price": 1049.9500,
    "amount": 0.00560,
    "type": "buy",
    "tid": "781318"
  },
  {
    "date": 1486476613,
    "date_ms": 1486476613275,
    "price": 1049.9000,
    "amount": 0.01660,
    "type": "buy",
    "tid": "781316"
  },
  {
    "date": 1486476585,
    "date_ms": 1486476585728,
    "price": 1050.5300,
    "amount": 0.00460,
    "type": "buy",
    "tid": "781314"
  },
  {
    "date": 1486476545,
    "date_ms": 1486476545370,
    "price": 1050.9900,
    "amount": 0.01560,
    "type": "sell",
    "tid": "781311"
  },
  {
    "date": 1486476513,
    "date_ms": 1486476513042,
    "price": 1049.2700,
    "amount": 0.00350,
    "type": "buy",
    "tid": "781308"
  },
  {
    "date": 1486476479,
    "date_ms": 1486476479527,
    "price": 1050.3500,
    "amount": 0.01450,
    "type": "buy",
    "tid": "781306"
  },
  {
    "date": 1486476450,
    "date_ms": 1486476450605,
    "price": 1051.6600,
    "amount": 0.00250,
    "type": "sell",
    "tid": "781305"
  },
  {
    "date": 1486476414,
    "date_ms": 1486476414262,
    "price": 1050.7700,
    "amount": 0.01350,
    "type": "buy",
    "tid": "781302"
  },
  {
    "date": 1486476376,
    "date_ms": 1486476376560,
    "price": 1051.5800,
    "amount": 0.00150,
    "type": "sell",
    "tid": "781300"
  },
  {
    "date": 1486476350,
    "date_ms": 1486476350826,
    "price": 1050.8800,
    "amount": 0.01250,
    "type": "buy",
    "tid": "781298"
  },
  {
    "date": 1486476280,
    "date_ms": 1486476280202,
    "price": 1051.6900,
    "amount": 0.01140,
    "type": "sell",
    "tid": "781293"
  },
  {
    "date": 1486476262,
    "date_ms": 1486476262702,
    "price": 1050.5600,
    "amount": 0.02240,
    "type": "buy",
    "tid": "781291"
  },
  {
    "date": 1486476239,
    "date_ms": 1486476239265,
    "price": 1052.0800,
    "amount": 0.01040,
    "type": "sell",
    "tid": "781289"
  },
  {
    "date": 1486476199,
    "date_ms": 1486476199219,
    "price": 1051.8100,
    "amount": 0.02140,
    "type": "sell",
    "tid": "781286"
  },
  {
    "date": 1486476171,
    "date_ms": 1486476171563,
    "price": 1050.6900,
    "amount": 0.00940,
    "type": "buy",
    "tid": "781283"
  },
  {
    "date": 1486476130,
    "date_ms": 1486476130345,
    "price": 1052.0400,
    "amount": 0.02040,
    "type": "sell",
    "tid": "781280"
  },
  {
    "date": 1486476099,
    "date_ms": 1486476099517,
    "price": 1050.9200,
    "amount": 0.00830,
    "type": "buy",
    "tid": "781278"
  },
  {
    "date": 1486476076,
    "date_ms": 1486476076752,
    "price": 1050.3200,
    "amount": 0.01930,
    "type": "buy",
    "tid": "781277"
  },
  {
    "date": 1486476047,
    "date_ms": 1486476047221,
    "price": 1050.4100,
    "amount": 0.00730,
    "type": "buy",
    "tid": "781274"
  },
  {
    "date": 1486476012,
    "date_ms": 1486476012596,
    "price": 1051.4000,
    "amount": 0.01830,
    "type": "sell",
    "tid": "781272"
  },
  {
    "date": 1486475990,
    "date_ms": 1486475990878,
    "price": 1051.3800,
    "amount": 0.00630,
    "type": "sell",
    "tid": "781270"
  },
  {
    "date": 1486475958,
    "date_ms": 1486475958300,
    "price": 1050.7900,
    "amount": 0.01730,
    "type": "buy",
    "tid": "781268"
  },
  {
    "date": 1486475926,
    "date_ms": 1486475926848,
    "price": 1050.7100,
    "amount": 0.00520,
    "type": "buy",
    "tid": "781264"
  },
  {
    "date": 1486475887,
    "date_ms": 1486475887083,
    "price": 1050.8400,
    "amount": 0.01620,
    "type": "sell",
    "tid": "781263"
  },
  {
    "date": 1486475850,
    "date_ms": 1486475850958,
    "price": 1050.1600,
    "amount": 0.00420,
    "type": "buy",
    "tid": "781259"
  },
  {
    "date": 1486475812,
    "date_ms": 1486475812584,
    "price": 1050.8000,
    "amount": 0.01520,
    "type": "buy",
    "tid": "781257"
  },
  {
    "date": 1486475789,
    "date_ms": 1486475789709,
    "price": 1051.6800,
    "amount": 0.06060,
    "type": "sell",
    "tid": "781255"
  },
  {
    "date": 1486475763,
    "date_ms": 1486475763866,
    "price": 1051.4100,
    "amount": 0.13670,
    "type": "sell",
    "tid": "781251"
  },
  {
    "date": 1486475728,
    "date_ms": 1486475728507,
    "price": 1051.1100,
    "amount": 0.05340,
    "type": "sell",
    "tid": "781249"
  },
  {
    "date": 1486475705,
    "date_ms": 1486475705695,
    "price": 1051.2700,
    "amount": 0.12950,
    "type": "sell",
    "tid": "781247"
  },
  {
    "date": 1486475673,
    "date_ms": 1486475673305,
    "price": 1050.3900,
    "amount": 0.04620,
    "type": "buy",
    "tid": "781244"
  },
  {
    "date": 1486475637,
    "date_ms": 1486475637899,
    "price": 1051.7900,
    "amount": 0.12250,
    "type": "sell",
    "tid": "781242"
  },
  {
    "date": 1486475608,
    "date_ms": 1486475608150,
    "price": 1051.2000,
    "amount": 0.03920,
    "type": "sell",
    "tid": "781240"
  },
  {
    "date": 1486475580,
    "date_ms": 1486475580587,
    "price": 1051.6800,
    "amount": 0.11530,
    "type": "sell",
    "tid": "781239"
  },
  {
    "date": 1486475553,
    "date_ms": 1486475553869,
    "price": 1051.5900,
    "amount": 0.03200,
    "type": "sell",
    "tid": "781237"
  },
  {
    "date": 1486475526,
    "date_ms": 1486475526120,
    "price": 1050.9600,
    "amount": 0.10820,
    "type": "sell",
    "tid": "781236"
  },
  {
    "date": 1486475498,
    "date_ms": 1486475498323,
    "price": 1050.3700,
    "amount": 0.02480,
    "type": "buy",
    "tid": "781233"
  },
  {
    "date": 1486475478,
    "date_ms": 1486475478058,
    "price": 1050.4600,
    "amount": 0.10100,
    "type": "buy",
    "tid": "781231"
  },
  {
    "date": 1486475437,
    "date_ms": 1486475437808,
    "price": 1051.2000,
    "amount": 0.01770,
    "type": "sell",
    "tid": "781229"
  },
  {
    "date": 1486475416,
    "date_ms": 1486475416449,
    "price": 1050.2800,
    "amount": 0.09380,
    "type": "buy",
    "tid": "781227"
  },
  {
    "date": 1486475389,
    "date_ms": 1486475389231,
    "price": 1050.5900,
    "amount": 0.01050,
    "type": "buy",
    "tid": "781224"
  },
  {
    "date": 1486475366,
    "date_ms": 1486475366341,
    "price": 1051.4300,
    "amount": 0.08660,
    "type": "sell",
    "tid": "781220"
  },
  {
    "date": 1486475330,
    "date_ms": 1486475330654,
    "price": 1051.0700,
    "amount": 0.00350,
    "type": "sell",
    "tid": "781216"
  },
  {
    "date": 1486475304,
    "date_ms": 1486475304513,
    "price": 1051.0100,
    "amount": 0.07960,
    "type": "sell",
    "tid": "781211"
  },
  {
    "date": 1486475273,
    "date_ms": 1486475273717,
    "price": 1050.5300,
    "amount": 0.15570,
    "type": "buy",
    "tid": "781200"
  },
  {
    "date": 1486475239,
    "date_ms": 1486475239389,
    "price": 1050.2400,
    "amount": 0.07240,
    "type": "buy",
    "tid": "781198"
  },
  {
    "date": 1486475206,
    "date_ms": 1486475206843,
    "price": 1050.4800,
    "amount": 0.14850,
    "type": "buy",
    "tid": "781196"
  },
  {
    "date": 1486475169,
    "date_ms": 1486475169797,
    "price": 1051.2400,
    "amount": 0.06520,
    "type": "sell",
    "tid": "781193"
  },
  {
    "date": 1486475142,
    "date_ms": 1486475142266,
    "price": 1049.7700,
    "amount": 0.14130,
    "type": "buy",
    "tid": "781190"
  },
  {
    "date": 1486475103,
    "date_ms": 1486475103845,
    "price": 1050.6900,
    "amount": 0.05800,
    "type": "buy",
    "tid": "781187"
  },
  {
    "date": 1486475074,
    "date_ms": 1486475074173,
    "price": 1050.7800,
    "amount": 0.13420,
    "type": "buy",
    "tid": "781184"
  },
  {
    "date": 1486475050,
    "date_ms": 1486475050845,
    "price": 1051.9700,
    "amount": 0.05090,
    "type": "sell",
    "tid": "781182"
  },
  {
    "date": 1486475008,
    "date_ms": 1486475008284,
    "price": 1051.0300,
    "amount": 0.12710,
    "type": "buy",
    "tid": "781179"
  },
  {
    "date": 1486474972,
    "date_ms": 1486474972159,
    "price": 1050.9400,
    "amount": 0.04380,
    "type": "sell",
    "tid": "781178"
  },
  {
    "date": 1486474952,
    "date_ms": 1486474952925,
    "price": 1050.9300,
    "amount": 0.12000,
    "type": "buy",
    "tid": "781176"
  },
  {
    "date": 1486474919,
    "date_ms": 1486474919347,
    "price": 1051.5600,
    "amount": 0.03670,
    "type": "sell",
    "tid": "781174"
  },
  {
    "date": 1486474902,
    "date_ms": 1486474902223,
    "price": 1050.2900,
    "amount": 0.11280,
    "type": "sell",
    "tid": "781172"
  },
  {
    "date": 1486474862,
    "date_ms": 1486474862192,
    "price": 1050.2000,
    "amount": 0.02950,
    "type": "buy",
    "tid": "781170"
  },
  {
    "date": 1486474846,
    "date_ms": 1486474846817,
    "price": 1051.4300,
    "amount": 0.10560,
    "type": "sell",
    "tid": "781168"
  },
  {
    "date": 1486474828,
    "date_ms": 1486474828661,
    "price": 1050.4400,
    "amount": 0.02230,
    "type": "buy",
    "tid": "781166"
  },
  {
    "date": 1486474799,
    "date_ms": 1486474799802,
    "price": 1051.3300,
    "amount": 0.21440,
    "type": "sell",
    "tid": "781164"
  },
  {
    "date": 1486474776,
    "date_ms": 1486474776475,
    "price": 1050.1500,
    "amount": 0.08380,
    "type": "buy",
    "tid": "781162"
  },
  {
    "date": 1486474757,
    "date_ms": 1486474757912,
    "price": 1049.8300,
    "amount": 0.20310,
    "type": "buy",
    "tid": "781160"
  },
  {
    "date": 1486474719,
    "date_ms": 1486474719007,
    "price": 1049.4400,
    "amount": 0.07250,
    "type": "buy",
    "tid": "781158"
  },
  {
    "date": 1486474695,
    "date_ms": 1486474695023,
    "price": 1049.4900,
    "amount": 0.19210,
    "type": "buy",
    "tid": "781155"
  },
  {
    "date": 1486474656,
    "date_ms": 1486474656226,
    "price": 1051.0900,
    "amount": 0.06150,
    "type": "buy",
    "tid": "781153"
  },
  {
    "date": 1486474626,
    "date_ms": 1486474626555,
    "price": 1051.1700,
    "amount": 0.18080,
    "type": "buy",
    "tid": "781151"
  },
  {
    "date": 1486474598,
    "date_ms": 1486474598462,
    "price": 1050.6500,
    "amount": 0.05020,
    "type": "buy",
    "tid": "781149"
  },
  {
    "date": 1486474556,
    "date_ms": 1486474556478,
    "price": 1051.2200,
    "amount": 0.16960,
    "type": "sell",
    "tid": "781146"
  },
  {
    "date": 1486474535,
    "date_ms": 1486474535463,
    "price": 1049.4100,
    "amount": 0.03900,
    "type": "buy",
    "tid": "781145"
  },
  {
    "date": 1486474501,
    "date_ms": 1486474501213,
    "price": 1050.4200,
    "amount": 0.15830,
    "type": "buy",
    "tid": "781142"
  },
  {
    "date": 1486474481,
    "date_ms": 1486474481901,
    "price": 1051.6100,
    "amount": 0.02770,
    "type": "sell",
    "tid": "781141"
  },
  {
    "date": 1486474450,
    "date_ms": 1486474450667,
    "price": 1051.4700,
    "amount": 0.14710,
    "type": "sell",
    "tid": "781138"
  },
  {
    "date": 1486474428,
    "date_ms": 1486474428964,
    "price": 1051.1900,
    "amount": 0.01650,
    "type": "sell",
    "tid": "781136"
  },
  {
    "date": 1486474394,
    "date_ms": 1486474394512,
    "price": 1051.3600,
    "amount": 0.13580,
    "type": "sell",
    "tid": "781134"
  },
  {
    "date": 1486474367,
    "date_ms": 1486474367153,
    "price": 1049.8700,
    "amount": 0.00550,
    "type": "buy",
    "tid": "781132"
  },
  {
    "date": 1486474337,
    "date_ms": 1486474337356,
    "price": 1049.5000,
    "amount": 0.12480,
    "type": "buy",
    "tid": "781129"
  },
  {
    "date": 1486474296,
    "date_ms": 1486474296216,
    "price": 1050.0300,
    "amount": 0.24410,
    "type": "buy",
    "tid": "781126"
  },
  {
    "date": 1486474255,
    "date_ms": 1486474255826,
    "price": 1049.9200,
    "amount": 0.11350,
    "type": "buy",
    "tid": "781123"
  },
  {
    "date": 1486474224,
    "date_ms": 1486474224639,
    "price": 1049.7300,
    "amount": 0.23290,
    "type": "buy",
    "tid": "781121"
  },
  {
    "date": 1486474180,
    "date_ms": 1486474180109,
    "price": 1051.2900,
    "amount": 0.10230,
    "type": "sell",
    "tid": "781119"
  },
  {
    "date": 1486474154,
    "date_ms": 1486474154297,
    "price": 1050.0300,
    "amount": 0.22160,
    "type": "buy",
    "tid": "781117"
  },
  {
    "date": 1486474124,
    "date_ms": 1486474124141,
    "price": 1050.9200,
    "amount": 0.09100,
    "type": "sell",
    "tid": "781114"
  },
  {
    "date": 1486474100,
    "date_ms": 1486474100985,
    "price": 1048.7300,
    "amount": 0.21040,
    "type": "buy",
    "tid": "781113"
  },
  {
    "date": 1486474075,
    "date_ms": 1486474075407,
    "price": 1050.4900,
    "amount": 0.07980,
    "type": "sell",
    "tid": "781109"
  },
  {
    "date": 1486474057,
    "date_ms": 1486474057720,
    "price": 1049.1700,
    "amount": 0.19940,
    "type": "buy",
    "tid": "781108"
  },
  {
    "date": 1486474039,
    "date_ms": 1486474039861,
    "price": 1050.7000,
    "amount": 0.06880,
    "type": "sell",
    "tid": "781106"
  },
  {
    "date": 1486474001,
    "date_ms": 1486474001611,
    "price": 1050.5800,
    "amount": 0.18810,
    "type": "sell",
    "tid": "781103"
  },
  {
    "date": 1486473986,
    "date_ms": 1486473986018,
    "price": 1049.9100,
    "amount": 0.05750,
    "type": "buy",
    "tid": "781102"
  },
  {
    "date": 1486473966,
    "date_ms": 1486473966331,
    "price": 1050.7400,
    "amount": 0.17680,
    "type": "sell",
    "tid": "781100"
  },
  {
    "date": 1486473924,
    "date_ms": 1486473924878,
    "price": 1049.2300,
    "amount": 0.04620,
    "type": "buy",
    "tid": "781097"
  },
  {
    "date": 1486473888,
    "date_ms": 1486473888863,
    "price": 1050.7100,
    "amount": 0.16560,
    "type": "sell",
    "tid": "781095"
  },
  {
    "date": 1486473868,
    "date_ms": 1486473868613,
    "price": 1049.1100,
    "amount": 0.03500,
    "type": "buy",
    "tid": "781092"
  },
  {
    "date": 1486473836,
    "date_ms": 1486473836333,
    "price": 1050.3600,
    "amount": 0.15430,
    "type": "sell",
    "tid": "781090"
  },
  {
    "date": 1486473802,
    "date_ms": 1486473802521,
    "price": 1049.3700,
    "amount": 0.16980,
    "type": "buy",
    "tid": "781087"
  },
  {
    "date": 1486473766,
    "date_ms": 1486473766334,
    "price": 1050.7300,
    "amount": 0.06060,
    "type": "sell",
    "tid": "781085"
  },
  {
    "date": 1486473735,
    "date_ms": 1486473735287,
    "price": 1049.4100,
    "amount": 0.16060,
    "type": "buy",
    "tid": "781082"
  },
  {
    "date": 1486473706,
    "date_ms": 1486473706600,
    "price": 1050.5200,
    "amount": 0.05140,
    "type": "sell",
    "tid": "781080"
  },
  {
    "date": 1486473665,
    "date_ms": 1486473665320,
    "price": 1049.9600,
    "amount": 0.15120,
    "type": "sell",
    "tid": "781077"
  },
  {
    "date": 1486473638,
    "date_ms": 1486473638492,
    "price": 1048.8800,
    "amount": 0.04200,
    "type": "buy",
    "tid": "781075"
  },
  {
    "date": 1486473598,
    "date_ms": 1486473598821,
    "price": 1048.7800,
    "amount": 0.14170,
    "type": "buy",
    "tid": "781072"
  },
  {
    "date": 1486473572,
    "date_ms": 1486473572680,
    "price": 1048.7800,
    "amount": 0.03260,
    "type": "buy",
    "tid": "781070"
  },
  {
    "date": 1486473537,
    "date_ms": 1486473537681,
    "price": 1050.6800,
    "amount": 0.13230,
    "type": "sell",
    "tid": "781068"
  },
  {
    "date": 1486473517,
    "date_ms": 1486473517056,
    "price": 1049.5800,
    "amount": 0.02320,
    "type": "buy",
    "tid": "781066"
  },
  {
    "date": 1486473482,
    "date_ms": 1486473482354,
    "price": 1049.0400,
    "amount": 0.12290,
    "type": "buy",
    "tid": "781063"
  },
  {
    "date": 1486473454,
    "date_ms": 1486473454057,
    "price": 1049.7500,
    "amount": 0.01380,
    "type": "buy",
    "tid": "781061"
  },
  {
    "date": 1486473423,
    "date_ms": 1486473423558,
    "price": 1049.4300,
    "amount": 0.11350,
    "type": "buy",
    "tid": "781059"
  },
  {
    "date": 1486473406,
    "date_ms": 1486473406183,
    "price": 1049.5800,
    "amount": 0.00460,
    "type": "buy",
    "tid": "781058"
  },
  {
    "date": 1486473361,
    "date_ms": 1486473361699,
    "price": 1049.6600,
    "amount": 0.10430,
    "type": "buy",
    "tid": "781054"
  },
  {
    "date": 1486473338,
    "date_ms": 1486473338403,
    "price": 1049.5400,
    "amount": 0.20410,
    "type": "buy",
    "tid": "781053"
  },
  {
    "date": 1486473300,
    "date_ms": 1486473300247,
    "price": 1050.2400,
    "amount": 0.09490,
    "type": "sell",
    "tid": "781049"
  },
  {
    "date": 1486473267,
    "date_ms": 1486473267873,
    "price": 1050.6300,
    "amount": 0.19470,
    "type": "sell",
    "tid": "781046"
  },
  {
    "date": 1486473242,
    "date_ms": 1486473242592,
    "price": 1049.4000,
    "amount": 0.08550,
    "type": "buy",
    "tid": "781044"
  },
  {
    "date": 1486473198,
    "date_ms": 1486473198358,
    "price": 1050.6700,
    "amount": 0.18520,
    "type": "sell",
    "tid": "781042"
  },
  {
    "date": 1486473174,
    "date_ms": 1486473174562,
    "price": 1048.8800,
    "amount": 0.07610,
    "type": "buy",
    "tid": "781040"
  },
  {
    "date": 1486473142,
    "date_ms": 1486473142296,
    "price": 1049.9500,
    "amount": 0.17580,
    "type": "sell",
    "tid": "781037"
  },
  {
    "date": 1486473115,
    "date_ms": 1486473115281,
    "price": 1049.0500,
    "amount": 0.06670,
    "type": "buy",
    "tid": "781036"
  },
  {
    "date": 1486473096,
    "date_ms": 1486473096250,
    "price": 1050.2000,
    "amount": 0.16660,
    "type": "sell",
    "tid": "781034"
  },
  {
    "date": 1486473070,
    "date_ms": 1486473070735,
    "price": 1049.5000,
    "amount": 0.05750,
    "type": "buy",
    "tid": "781032"
  },
  {
    "date": 1486473054,
    "date_ms": 1486473054970,
    "price": 1049.4000,
    "amount": 0.15720,
    "type": "buy",
    "tid": "781030"
  },
  {
    "date": 1486473009,
    "date_ms": 1486473009033,
    "price": 1050.6600,
    "amount": 0.04810,
    "type": "sell",
    "tid": "781027"
  },
  {
    "date": 1486472972,
    "date_ms": 1486472972627,
    "price": 1051.0900,
    "amount": 0.14780,
    "type": "sell",
    "tid": "781025"
  },
  {
    "date": 1486472935,
    "date_ms": 1486472935190,
    "price": 1050.0700,
    "amount": 0.03860,
    "type": "buy",
    "tid": "781021"
  },
  {
    "date": 1486472908,
    "date_ms": 1486472908456,
    "price": 1049.4300,
    "amount": 0.13840,
    "type": "buy",
    "tid": "781020"
  },
  {
    "date": 1486472887,
    "date_ms": 1486472887457,
    "price": 1050.6700,
    "amount": 0.02920,
    "type": "sell",
    "tid": "781018"
  },
  {
    "date": 1486472858,
    "date_ms": 1486472858160,
    "price": 1049.7600,
    "amount": 0.12900,
    "type": "buy",
    "tid": "781014"
  },
  {
    "date": 1486472833,
    "date_ms": 1486472833051,
    "price": 1048.7300,
    "amount": 0.01980,
    "type": "buy",
    "tid": "781013"
  },
  {
    "date": 1486472800,
    "date_ms": 1486472800942,
    "price": 1050.6900,
    "amount": 0.03400,
    "type": "sell",
    "tid": "781011"
  },
  {
    "date": 1486472764,
    "date_ms": 1486472764708,
    "price": 1049.3500,
    "amount": 0.08250,
    "type": "buy",
    "tid": "781008"
  },
  {
    "date": 1486472741,
    "date_ms": 1486472741756,
    "price": 1050.5200,
    "amount": 0.02940,
    "type": "sell",
    "tid": "781006"
  },
  {
    "date": 1486472715,
    "date_ms": 1486472715944,
    "price": 1050.2400,
    "amount": 0.07800,
    "type": "buy",
    "tid": "781004"
  },
  {
    "date": 1486472682,
    "date_ms": 1486472682475,
    "price": 1051.2400,
    "amount": 0.02500,
    "type": "sell",
    "tid": "781002"
  },
  {
    "date": 1486472649,
    "date_ms": 1486472649070,
    "price": 1050.1100,
    "amount": 0.07350,
    "type": "buy",
    "tid": "780999"
  },
  {
    "date": 1486472634,
    "date_ms": 1486472634820,
    "price": 1049.7500,
    "amount": 0.02040,
    "type": "buy",
    "tid": "780998"
  },
  {
    "date": 1486472612,
    "date_ms": 1486472612836,
    "price": 1049.4400,
    "amount": 0.06890,
    "type": "buy",
    "tid": "780996"
  },
  {
    "date": 1486472593,
    "date_ms": 1486472593039,
    "price": 1049.7400,
    "amount": 0.01580,
    "type": "buy",
    "tid": "780993"
  }
]