{"btc_usd":[{"type":"ask","price":1028.259,"amount":0.00101,"tid":92457325,"timestamp":1486483120},{"type":"bid","price":1029.8,"amount":0.56405127,"tid":92457324,"timestamp":1486483097},{"type":"bid","price":1029.8,"amount":0.49986798,"tid":92457323,"timestamp":1486483084},{"type":"bid","price":1030.5,"amount":0.062785,"tid":92457318,"timestamp":1486483047},{"type":"bid","price":1030.5,"amount":0.07236,"tid":92457315,"timestamp":1486483044},{"type":"ask","price":1030,"amount":0.02127526,"tid":92457314,"timestamp":1486483040},{"type":"ask","price":1030.001,"amount":0.07876814,"tid":92457313,"timestamp":1486483018},{"type":"ask","price":1030.001,"amount":0.0867694,"tid":92457310,"timestamp":1486482986},{"type":"ask","price":1030.001,"amount":0.01446246,"tid":92457305,"timestamp":1486482979},{"type":"bid","price":1030.88,"amount":0.00983199,"tid":92457292,"timestamp":1486482914},{"type":"bid","price":1030.88,"amount":0.00594601,"tid":92457291,"timestamp":1486482914},{"type":"ask","price":1027.921,"amount":0.01,"tid":92457289,"timestamp":1486482861},{"type":"bid","price":1030.88,"amount":0.26728847,"tid":92457288,"timestamp":1486482847},{"type":"bid","price":1028.88,"amount":0.16,"tid":92457287,"timestamp":1486482847},{"type":"ask","price":1027.942,"amount":0.15401401,"tid":92457286,"timestamp":1486482824},{"type":"ask","price":1027.917,"amount":0.03434558,"tid":92457284,"timestamp":1486482806},{"type":"ask","price":1028,"amount":0.009728,"tid":92457283,"timestamp":1486482806},{"type":"ask","price":1028.002,"amount":0.21,"tid":92457282,"timestamp":1486482806},{"type":"ask","price":1028.01,"amount":0.0047,"tid":92457281,"timestamp":1486482806},{"type":"ask","price":1028.73,"amount":0.0104,"tid":92457280,"timestamp":1486482806},{"type":"ask","price":1028.733,"amount":0.0104,"tid":92457279,"timestamp":1486482806},{"type":"ask","price":1028.86,"amount":0.0104,"tid":92457278,"timestamp":1486482806},{"type":"ask","price":1028.87,"amount":0.0104,"tid":92457277,"timestamp":1486482806},{"type":"ask","price":1028.87,"amount":0.92944642,"tid":92457276,"timestamp":1486482806},{"type":"ask","price":1028.88,"amount":0.10018,"tid":92457275,"timestamp":1486482806},{"type":"bid","price":1032.99,"amount":0.173252,"tid":92457274,"timestamp":1486482801},{"type":"ask","price":1028.88,"amount":0.01,"tid":92457273,"timestamp":1486482795},{"type":"ask","price":1032.99,"amount":0.0796,"tid":92457270,"timestamp":1486482778},{"type":"bid","price":1032.99,"amount":0.0104,"tid":92457269,"timestamp":1486482777},{"type":"ask","price":1028.88,"amount":0.06982,"tid":92457267,"timestamp":1486482749},{"type":"ask","price":1028.88,"amount":0.02,"tid":92457266,"timestamp":1486482733},{"type":"bid","price":1032.99,"amount":0.01,"tid":92457265,"timestamp":1486482724},{"type":"ask","price":1028.87,"amount":0.020499,"tid":92457263,"timestamp":1486482710},{"type":"ask","price":1028.87,"amount":0.00586458,"tid":92457262,"timestamp":1486482707},{"type":"ask","price":1032.85,"amount":0.02952676,"tid":92457261,"timestamp":1486482703},{"type":"bid","price":1032.474,"amount":0.011,"tid":92457260,"timestamp":1486482702},{"type":"bid","price":1029,"amount":0.00985924,"tid":92457259,"timestamp":1486482702},{"type":"bid","price":1032.994,"amount":0.94706234,"tid":92457258,"timestamp":1486482692},{"type":"bid","price":1032.994,"amount":2.45974512,"tid":92457257,"timestamp":1486482692},{"type":"bid","price":1032.987,"amount":0.30460804,"tid":92457256,"timestamp":1486482692},{"type":"bid","price":1032.98,"amount":0.3187125,"tid":92457255,"timestamp":1486482692},{"type":"bid","price":1032.85,"amount":0.5,"tid":92457254,"timestamp":1486482692},{"type":"ask","price":1032.49,"amount":0.015,"tid":92457253,"timestamp":1486482689},{"type":"bid","price":1032.98,"amount":0.1812875,"tid":92457238,"timestamp":1486482678},{"type":"bid","price":1032.86,"amount":0.0004,"tid":92457237,"timestamp":1486482678},{"type":"ask","price":1028.87,"amount":0.04419,"tid":92457235,"timestamp":1486482677},{"type":"ask","price":1028.001,"amount":0.01,"tid":92457185,"timestamp":1486482667},{"type":"ask","price":1028.001,"amount":0.03,"tid":92457183,"timestamp":1486482667},{"type":"bid","price":1032.86,"amount":0.01,"tid":92457175,"timestamp":1486482666},{"type":"bid","price":1032,"amount":0.02,"tid":92457174,"timestamp":1486482666},{"type":"ask","price":1028.001,"amount":0.03,"tid":92457171,"timestamp":1486482665},{"type":"ask","price":1028,"amount":0.00987899,"tid":92457163,"timestamp":1486482661},{"type":"ask","price":1028.736,"amount":0.00942101,"tid":92457162,"timestamp":1486482661},{"type":"ask","price":1028.87,"amount":0.0104,"tid":92457161,"timestamp":1486482650},{"type":"bid","price":1032.994,"amount":4.2083716,"tid":92457159,"timestamp":1486482625},{"type":"bid","price":1032.994,"amount":0.3,"tid":92457158,"timestamp":1486482625},{"type":"bid","price":1032.82,"amount":0.0217564,"tid":92457157,"timestamp":1486482625},{"type":"bid","price":1032.995,"amount":3.813254,"tid":92457154,"timestamp":1486482602},{"type":"bid","price":1032.82,"amount":0.0104,"tid":92457153,"timestamp":1486482602},{"type":"bid","price":1028.736,"amount":0.7,"tid":92457152,"timestamp":1486482602},{"type":"ask","price":1028.678,"amount":0.0218,"tid":92457149,"timestamp":1486482590},{"type":"ask","price":1028.7,"amount":0.002,"tid":92457148,"timestamp":1486482590},{"type":"ask","price":1028.7,"amount":0.74,"tid":92457147,"timestamp":1486482590},{"type":"ask","price":1028.736,"amount":0.3,"tid":92457146,"timestamp":1486482583},{"type":"bid","price":1032.995,"amount":14.52088403,"tid":92457145,"timestamp":1486482580},{"type":"bid","price":1032.995,"amount":4.523654,"tid":92457142,"timestamp":1486482564},{"type":"bid","price":1032.995,"amount":0.023,"tid":92457138,"timestamp":1486482552},{"type":"bid","price":1032.995,"amount":4.523654,"tid":92457134,"timestamp":1486482537},{"type":"bid","price":1032.995,"amount":4.523654,"tid":92457129,"timestamp":1486482517},{"type":"bid","price":1032.995,"amount":0.04202239,"tid":92457127,"timestamp":1486482497},{"type":"bid","price":1032.995,"amount":4.523654,"tid":92457126,"timestamp":1486482496},{"type":"bid","price":1032.995,"amount":2.57561884,"tid":92457124,"timestamp":1486482474},{"type":"bid","price":1032.994,"amount":0.001457,"tid":92457123,"timestamp":1486482474},{"type":"bid","price":1032.994,"amount":1.94687116,"tid":92457122,"timestamp":1486482474},{"type":"bid","price":1032.994,"amount":0.01936,"tid":92457120,"timestamp":1486482461},{"type":"bid","price":1032.994,"amount":3.53376884,"tid":92457119,"timestamp":1486482449},{"type":"bid","price":1032.994,"amount":0.99017816,"tid":92457118,"timestamp":1486482449},{"type":"bid","price":1032.994,"amount":0.25,"tid":92457116,"timestamp":1486482437},{"type":"bid","price":1032.994,"amount":4.511551,"tid":92457114,"timestamp":1486482428},{"type":"bid","price":1032.993,"amount":0.001996,"tid":92457113,"timestamp":1486482428},{"type":"bid","price":1032.8,"amount":0.0104,"tid":92457112,"timestamp":1486482428},{"type":"bid","price":1032.994,"amount":4.506869,"tid":92457106,"timestamp":1486482407},{"type":"bid","price":1032.993,"amount":0.02,"tid":92457105,"timestamp":1486482407},{"type":"bid","price":1032.994,"amount":0.012011,"tid":92457104,"timestamp":1486482403},{"type":"ask","price":1032.977,"amount":0.12,"tid":92457103,"timestamp":1486482396},{"type":"bid","price":1032.994,"amount":0.402373,"tid":92457101,"timestamp":1486482395},{"type":"bid","price":1032.994,"amount":4.0887912,"tid":92457100,"timestamp":1486482385},{"type":"bid","price":1032.977,"amount":0.4380778,"tid":92457099,"timestamp":1486482385},{"type":"bid","price":1032.977,"amount":0.5619222,"tid":92457097,"timestamp":1486482380},{"type":"bid","price":1032.994,"amount":3.1781328,"tid":92457016,"timestamp":1486482363},{"type":"bid","price":1032.927,"amount":0.02,"tid":92457015,"timestamp":1486482363},{"type":"bid","price":1032.799,"amount":0.1,"tid":92457014,"timestamp":1486482363},{"type":"bid","price":1032.799,"amount":0.1,"tid":92457013,"timestamp":1486482363},{"type":"bid","price":1032,"amount":1,"tid":92457012,"timestamp":1486482363},{"type":"bid","price":1030,"amount":0.1255632,"tid":92457011,"timestamp":1486482363},{"type":"ask","price":1028.688,"amount":0.029681,"tid":92457005,"timestamp":1486482333},{"type":"bid","price":1032.799,"amount":0.2321,"tid":92457003,"timestamp":1486482321},{"type":"ask","price":1028.688,"amount":0.01,"tid":92457002,"timestamp":1486482318},{"type":"ask","price":1028.688,"amount":0.01,"tid":92457001,"timestamp":1486482318},{"type":"ask","price":1028.688,"amount":0.01,"tid":92457000,"timestamp":1486482318},{"type":"ask","price":1028.688,"amount":0.01,"tid":92456999,"timestamp":1486482317},{"type":"ask","price":1027.907,"amount":0.01,"tid":92456998,"timestamp":1486482317},{"type":"ask","price":1027.907,"amount":0.01,"tid":92456997,"timestamp":1486482317},{"type":"ask","price":1027.907,"amount":0.01,"tid":92456995,"timestamp":1486482316},{"type":"ask","price":1027.907,"amount":0.01,"tid":92456994,"timestamp":1486482316},{"type":"ask","price":1027.907,"amount":0.01,"tid":92456991,"timestamp":1486482316},{"type":"ask","price":1027.907,"amount":0.0078,"tid":92456990,"timestamp":1486482316},{"type":"ask","price":1027.907,"amount":0.01,"tid":92456989,"timestamp":1486482315},{"type":"ask","price":1027.907,"amount":0.01,"tid":92456988,"timestamp":1486482315},{"type":"ask","price":1027.907,"amount":0.01,"tid":92456987,"timestamp":1486482315},{"type":"ask","price":1027.907,"amount":0.01,"tid":92456986,"timestamp":1486482315},{"type":"ask","price":1027.907,"amount":0.01,"tid":92456985,"timestamp":1486482314},{"type":"ask","price":1027.907,"amount":0.01,"tid":92456984,"timestamp":1486482314},{"type":"ask","price":1027.907,"amount":0.01,"tid":92456983,"timestamp":1486482314},{"type":"ask","price":1027.907,"amount":0.01,"tid":92456982,"timestamp":1486482313},{"type":"ask","price":1027.907,"amount":0.01,"tid":92456981,"timestamp":1486482313},{"type":"ask","price":1027.907,"amount":0.01,"tid":92456980,"timestamp":1486482313},{"type":"ask","price":1027.907,"amount":0.01,"tid":92456979,"timestamp":1486482313},{"type":"ask","price":1027.907,"amount":0.01,"tid":92456978,"timestamp":1486482312},{"type":"ask","price":1027.907,"amount":0.01,"tid":92456977,"timestamp":1486482312},{"type":"ask","price":1027.906,"amount":0.06263464,"tid":92456976,"timestamp":1486482306},{"type":"ask","price":1027.94,"amount":0.029,"tid":92456975,"timestamp":1486482306},{"type":"ask","price":1028.746,"amount":0.0037,"tid":92456974,"timestamp":1486482305},{"type":"ask","price":1029.511,"amount":0.06,"tid":92456973,"timestamp":1486482303},{"type":"ask","price":1028.746,"amount":0.3033,"tid":92456972,"timestamp":1486482298},{"type":"ask","price":1028.87,"amount":0.002,"tid":92456971,"timestamp":1486482298},{"type":"ask","price":1028.87,"amount":0.0104,"tid":92456970,"timestamp":1486482298},{"type":"bid","price":1032.994,"amount":0.13981854,"tid":92456966,"timestamp":1486482288},{"type":"bid","price":1032.8,"amount":0.83,"tid":92456965,"timestamp":1486482288},{"type":"bid","price":1032.799,"amount":0.03018146,"tid":92456964,"timestamp":1486482288},{"type":"bid","price":1032.994,"amount":1.9202753,"tid":92456954,"timestamp":1486482249},{"type":"bid","price":1032.888,"amount":0.7453647,"tid":92456953,"timestamp":1486482249},{"type":"bid","price":1032.06,"amount":0.0104,"tid":92456952,"timestamp":1486482249},{"type":"bid","price":1030,"amount":0.13313,"tid":92456951,"timestamp":1486482249},{"type":"ask","price":1028.756,"amount":0.017,"tid":92456950,"timestamp":1486482242},{"type":"bid","price":1030,"amount":2.80917,"tid":92456949,"timestamp":1486482237},{"type":"bid","price":1030,"amount":0.0577,"tid":92456947,"timestamp":1486482217},{"type":"ask","price":1028.716,"amount":0.0756,"tid":92456945,"timestamp":1486482209},{"type":"ask","price":1028.87,"amount":0.0004,"tid":92456944,"timestamp":1486482209},{"type":"bid","price":1032.888,"amount":0.04685331,"tid":92456943,"timestamp":1486482159},{"type":"bid","price":1032.995,"amount":4.34786938,"tid":92456942,"timestamp":1486482092},{"type":"bid","price":1032.994,"amount":0.1152,"tid":92456941,"timestamp":1486482092},{"type":"bid","price":1032.994,"amount":0.06555362,"tid":92456940,"timestamp":1486482092},{"type":"bid","price":1032.995,"amount":0.03,"tid":92456938,"timestamp":1486482069},{"type":"bid","price":1032.995,"amount":0.05,"tid":92456937,"timestamp":1486482068},{"type":"bid","price":1032.995,"amount":0.03,"tid":92456936,"timestamp":1486482068},{"type":"bid","price":1032.995,"amount":0.01,"tid":92456935,"timestamp":1486482068},{"type":"bid","price":1032.995,"amount":0.04,"tid":92456934,"timestamp":1486482068},{"type":"bid","price":1032.995,"amount":0.04,"tid":92456933,"timestamp":1486482068},{"type":"bid","price":1032.995,"amount":0.02,"tid":92456932,"timestamp":1486482068}]}