{"btc_usd":[{"type":"bid","price":1029.999,"amount":0.4332107,"tid":92459408,"timestamp":1486490282},{"type":"bid","price":1029.9,"amount":0.0457283,"tid":92459407,"timestamp":1486490282},{"type":"bid","price":1029.9,"amount":0.032336,"tid":92459397,"timestamp":1486490251},{"type":"bid","price":1029.9,"amount":0.00101,"tid":92459386,"timestamp":1486490173},{"type":"bid","price":1029.9,"amount":0.00667487,"tid":92459385,"timestamp":1486490171},{"type":"ask","price":1029.9,"amount":0.011,"tid":92459384,"timestamp":1486490159},{"type":"ask","price":1029.9,"amount":0.02,"tid":92459383,"timestamp":1486490159},{"type":"ask","price":1029.997,"amount":0.48425083,"tid":92459382,"timestamp":1486490158},{"type":"ask","price":1029.997,"amount":0.13679905,"tid":92459381,"timestamp":1486490158},{"type":"bid","price":1029.997,"amount":0.37895012,"tid":92459374,"timestamp":1486490156},{"type":"bid","price":1029.997,"amount":0.036028,"tid":92459373,"timestamp":1486490152},{"type":"bid","price":1029.997,"amount":0.92882188,"tid":92459371,"timestamp":1486490145},{"type":"bid","price":1029.997,"amount":0.5362,"tid":92459367,"timestamp":1486490139},{"type":"bid","price":1029.997,"amount":8.12,"tid":92459361,"timestamp":1486490128},{"type":"bid","price":1029.998,"amount":1,"tid":92459357,"timestamp":1486490097},{"type":"bid","price":1029.998,"amount":0.01,"tid":92459351,"timestamp":1486490077},{"type":"bid","price":1029.998,"amount":1.65,"tid":92459343,"timestamp":1486490059},{"type":"bid","price":1029.999,"amount":0.12805225,"tid":92459340,"timestamp":1486490049},{"type":"bid","price":1029.999,"amount":0.121242,"tid":92459333,"timestamp":1486490005},{"type":"bid","price":1029,"amount":0.75908002,"tid":92459332,"timestamp":1486490003},{"type":"bid","price":1029,"amount":0.49657925,"tid":92459326,"timestamp":1486489999},{"type":"ask","price":1029,"amount":0.07908089,"tid":92459320,"timestamp":1486489998},{"type":"ask","price":1029,"amount":0.0746936,"tid":92459317,"timestamp":1486489982},{"type":"ask","price":1029,"amount":0.05022551,"tid":92459309,"timestamp":1486489971},{"type":"bid","price":1030,"amount":40.55368932,"tid":92459305,"timestamp":1486489963},{"type":"bid","price":1029.988,"amount":7.99,"tid":92459304,"timestamp":1486489963},{"type":"bid","price":1029.988,"amount":0.01,"tid":92459268,"timestamp":1486489941},{"type":"bid","price":1029.988,"amount":2,"tid":92459259,"timestamp":1486489930},{"type":"bid","price":1029.989,"amount":2.18235685,"tid":92459244,"timestamp":1486489861},{"type":"bid","price":1029.987,"amount":0.5,"tid":92459243,"timestamp":1486489861},{"type":"bid","price":1029.987,"amount":0.63764315,"tid":92459242,"timestamp":1486489861},{"type":"bid","price":1029.99,"amount":0.14558783,"tid":92459224,"timestamp":1486489803},{"type":"bid","price":1029.9,"amount":0.1365916,"tid":92459223,"timestamp":1486489803},{"type":"bid","price":1028.86,"amount":0.00384956,"tid":92459222,"timestamp":1486489803},{"type":"ask","price":1028.86,"amount":0.0398164,"tid":92459221,"timestamp":1486489803},{"type":"bid","price":1029.99,"amount":0.07041612,"tid":92459209,"timestamp":1486489783},{"type":"bid","price":1029.991,"amount":0.01,"tid":92459198,"timestamp":1486489734},{"type":"ask","price":1028.86,"amount":0.05114827,"tid":92459183,"timestamp":1486489682},{"type":"bid","price":1029.993,"amount":0.32640532,"tid":92459181,"timestamp":1486489675},{"type":"bid","price":1029.993,"amount":0.02595153,"tid":92459180,"timestamp":1486489666},{"type":"bid","price":1029.995,"amount":0.11464064,"tid":92459174,"timestamp":1486489598},{"type":"bid","price":1029.995,"amount":0.5,"tid":92459173,"timestamp":1486489585},{"type":"bid","price":1029.995,"amount":0.293,"tid":92459172,"timestamp":1486489584},{"type":"bid","price":1029.995,"amount":0.026043,"tid":92459167,"timestamp":1486489549},{"type":"ask","price":1028.86,"amount":0.4908,"tid":92459166,"timestamp":1486489519},{"type":"bid","price":1029.997,"amount":0.01,"tid":92459163,"timestamp":1486489476},{"type":"ask","price":1028.86,"amount":0.2329493,"tid":92459162,"timestamp":1486489458},{"type":"bid","price":1029.997,"amount":0.031935,"tid":92459161,"timestamp":1486489450},{"type":"bid","price":1029.998,"amount":0.48416576,"tid":92459159,"timestamp":1486489442},{"type":"bid","price":1029.988,"amount":0.02796424,"tid":92459158,"timestamp":1486489442},{"type":"ask","price":1028.86,"amount":0.379848,"tid":92459156,"timestamp":1486489422},{"type":"bid","price":1028.86,"amount":7.0897,"tid":92459150,"timestamp":1486489385},{"type":"ask","price":1028.85,"amount":0.0398,"tid":92459149,"timestamp":1486489384},{"type":"ask","price":1028.86,"amount":0.1103,"tid":92459148,"timestamp":1486489384},{"type":"bid","price":1029.998,"amount":0.02,"tid":92459147,"timestamp":1486489373},{"type":"bid","price":1029.85,"amount":0.01438,"tid":92459145,"timestamp":1486489354},{"type":"bid","price":1029.999,"amount":0.03278642,"tid":92459141,"timestamp":1486489312},{"type":"bid","price":1029.999,"amount":0.05465082,"tid":92459138,"timestamp":1486489270},{"type":"bid","price":1029.85,"amount":0.04411365,"tid":92459137,"timestamp":1486489270},{"type":"bid","price":1029.85,"amount":0.01,"tid":92459136,"timestamp":1486489270},{"type":"bid","price":1029,"amount":0.1543743,"tid":92459131,"timestamp":1486489245},{"type":"bid","price":1028.999,"amount":0.31124136,"tid":92459130,"timestamp":1486489245},{"type":"bid","price":1028.995,"amount":0.157,"tid":92459129,"timestamp":1486489245},{"type":"bid","price":1028.995,"amount":0.023,"tid":92459127,"timestamp":1486489233},{"type":"bid","price":1028.995,"amount":9.79,"tid":92459126,"timestamp":1486489231},{"type":"bid","price":1028.995,"amount":0.03,"tid":92459124,"timestamp":1486489209},{"type":"ask","price":1028.85,"amount":0.00125362,"tid":92459119,"timestamp":1486489178},{"type":"bid","price":1028.996,"amount":0.64,"tid":92459117,"timestamp":1486489173},{"type":"bid","price":1028.996,"amount":0.03596441,"tid":92459116,"timestamp":1486489158},{"type":"bid","price":1028.997,"amount":0.01,"tid":92459115,"timestamp":1486489144},{"type":"ask","price":1028.85,"amount":0.00117037,"tid":92459114,"timestamp":1486489137},{"type":"ask","price":1028.85,"amount":0.45338024,"tid":92459113,"timestamp":1486489132},{"type":"bid","price":1028.997,"amount":0.001,"tid":92459111,"timestamp":1486489128},{"type":"bid","price":1028.997,"amount":1.07461216,"tid":92459110,"timestamp":1486489126},{"type":"bid","price":1028.997,"amount":0.00967316,"tid":92459108,"timestamp":1486489110},{"type":"bid","price":1028.997,"amount":0.01,"tid":92459107,"timestamp":1486489107},{"type":"bid","price":1028.997,"amount":2.45289519,"tid":92459106,"timestamp":1486489104},{"type":"ask","price":1028.85,"amount":0.01938,"tid":92459104,"timestamp":1486489041},{"type":"bid","price":1028.998,"amount":2.04380006,"tid":92459101,"timestamp":1486489034},{"type":"ask","price":1028.85,"amount":0.2427,"tid":92459100,"timestamp":1486489030},{"type":"ask","price":1028.85,"amount":0.31,"tid":92459090,"timestamp":1486488889},{"type":"bid","price":1028.999,"amount":1,"tid":92459089,"timestamp":1486488866},{"type":"bid","price":1028.999,"amount":0.01944,"tid":92459087,"timestamp":1486488821},{"type":"bid","price":1028.999,"amount":0.00572864,"tid":92459085,"timestamp":1486488797},{"type":"bid","price":1028.85,"amount":0.01,"tid":92459084,"timestamp":1486488797},{"type":"bid","price":1028,"amount":0.0024701,"tid":92459081,"timestamp":1486488731},{"type":"ask","price":1026.505,"amount":0.84,"tid":92459080,"timestamp":1486488720},{"type":"bid","price":1027,"amount":4.78695507,"tid":92459078,"timestamp":1486488709},{"type":"bid","price":1027,"amount":0.025,"tid":92459077,"timestamp":1486488702},{"type":"bid","price":1027,"amount":0.01,"tid":92459076,"timestamp":1486488700},{"type":"bid","price":1027,"amount":0.01,"tid":92459075,"timestamp":1486488700},{"type":"bid","price":1027,"amount":0.01,"tid":92459072,"timestamp":1486488698},{"type":"bid","price":1027,"amount":0.01,"tid":92459071,"timestamp":1486488698},{"type":"bid","price":1027,"amount":0.05,"tid":92459070,"timestamp":1486488698},{"type":"bid","price":1027,"amount":0.01,"tid":92459069,"timestamp":1486488697},{"type":"bid","price":1027,"amount":0.01,"tid":92459068,"timestamp":1486488696},{"type":"bid","price":1027,"amount":0.01,"tid":92459067,"timestamp":1486488696},{"type":"bid","price":1027,"amount":0.01,"tid":92459066,"timestamp":1486488696},{"type":"bid","price":1027,"amount":0.01,"tid":92459065,"timestamp":1486488696},{"type":"bid","price":1027,"amount":0.01,"tid":92459063,"timestamp":1486488695},{"type":"bid","price":1027,"amount":0.01,"tid":92459062,"timestamp":1486488695},{"type":"ask","price":1026.505,"amount":0.012,"tid":92459061,"timestamp":1486488694},{"type":"bid","price":1027,"amount":0.01,"tid":92459060,"timestamp":1486488694},{"type":"bid","price":1027,"amount":0.01,"tid":92459059,"timestamp":1486488694},{"type":"bid","price":1027,"amount":0.01,"tid":92459058,"timestamp":1486488694},{"type":"bid","price":1027,"amount":0.01,"tid":92459057,"timestamp":1486488694},{"type":"bid","price":1027,"amount":0.01,"tid":92459054,"timestamp":1486488693},{"type":"bid","price":1027,"amount":0.01469836,"tid":92459047,"timestamp":1486488680},{"type":"bid","price":1027,"amount":0.10237457,"tid":92459020,"timestamp":1486488669},{"type":"ask","price":1026.6,"amount":0.5,"tid":92459006,"timestamp":1486488632},{"type":"bid","price":1027,"amount":1,"tid":92459005,"timestamp":1486488629},{"type":"bid","price":1027,"amount":0.251,"tid":92458991,"timestamp":1486488609},{"type":"ask","price":1027,"amount":0.099972,"tid":92458990,"timestamp":1486488609},{"type":"bid","price":1027,"amount":1.190728,"tid":92458989,"timestamp":1486488596},{"type":"bid","price":1027,"amount":0.1,"tid":92458988,"timestamp":1486488594},{"type":"bid","price":1027,"amount":0.01,"tid":92458987,"timestamp":1486488574},{"type":"ask","price":1026.502,"amount":0.01938,"tid":92458986,"timestamp":1486488571},{"type":"bid","price":1027,"amount":0.166,"tid":92458984,"timestamp":1486488547},{"type":"bid","price":1027,"amount":0.075,"tid":92458983,"timestamp":1486488547},{"type":"bid","price":1027,"amount":0.01,"tid":92458982,"timestamp":1486488546},{"type":"bid","price":1027,"amount":0.5,"tid":92458979,"timestamp":1486488517},{"type":"bid","price":1027,"amount":0.49,"tid":92458978,"timestamp":1486488514},{"type":"bid","price":1027,"amount":0.064852,"tid":92458977,"timestamp":1486488512},{"type":"ask","price":1026.5,"amount":0.05404265,"tid":92458976,"timestamp":1486488507},{"type":"ask","price":1026.51,"amount":0.0978,"tid":92458975,"timestamp":1486488507},{"type":"bid","price":1027,"amount":5,"tid":92458972,"timestamp":1486488479},{"type":"ask","price":1028.989,"amount":0.01442,"tid":92458971,"timestamp":1486488476},{"type":"bid","price":1028.999,"amount":1.9417,"tid":92458970,"timestamp":1486488473},{"type":"bid","price":1028.999,"amount":0.03107,"tid":92458969,"timestamp":1486488464},{"type":"bid","price":1028.999,"amount":0.2,"tid":92458968,"timestamp":1486488430},{"type":"bid","price":1028.999,"amount":0.01944,"tid":92458966,"timestamp":1486488411},{"type":"bid","price":1028.999,"amount":0.04138,"tid":92458965,"timestamp":1486488409},{"type":"ask","price":1028.99,"amount":0.0097,"tid":92458964,"timestamp":1486488408},{"type":"bid","price":1028.99,"amount":0.00860712,"tid":92458962,"timestamp":1486488390},{"type":"bid","price":1028.99,"amount":0.08447188,"tid":92458961,"timestamp":1486488387},{"type":"bid","price":1028.99,"amount":0.1,"tid":92458959,"timestamp":1486488363},{"type":"bid","price":1028.99,"amount":0.073973,"tid":92458957,"timestamp":1486488357},{"type":"bid","price":1028.99,"amount":0.012948,"tid":92458955,"timestamp":1486488344},{"type":"bid","price":1028.99,"amount":0.01,"tid":92458954,"timestamp":1486488316},{"type":"bid","price":1026.336,"amount":0.4215603,"tid":92458951,"timestamp":1486488251},{"type":"bid","price":1026.336,"amount":0.01,"tid":92458950,"timestamp":1486488246},{"type":"bid","price":1026.336,"amount":0.5,"tid":92458946,"timestamp":1486488239},{"type":"bid","price":1026.336,"amount":0.01,"tid":92458945,"timestamp":1486488239},{"type":"bid","price":1026.336,"amount":0.01,"tid":92458944,"timestamp":1486488239},{"type":"bid","price":1026.336,"amount":0.0127859,"tid":92458943,"timestamp":1486488238},{"type":"bid","price":1026.336,"amount":0.0056538,"tid":92458942,"timestamp":1486488237},{"type":"ask","price":1026.335,"amount":0.11410004,"tid":92458939,"timestamp":1486488215},{"type":"ask","price":1026.336,"amount":0.5,"tid":92458938,"timestamp":1486488215},{"type":"bid","price":1026.336,"amount":0.00148434,"tid":92458931,"timestamp":1486488165},{"type":"bid","price":1026.336,"amount":0.00851566,"tid":92458930,"timestamp":1486488165}]}