{"btc_usd":[{"type":"bid","price":1028.13,"amount":0.001,"tid":92460565,"timestamp":1486493921},{"type":"bid","price":1028.13,"amount":0.01,"tid":92460564,"timestamp":1486493918},{"type":"ask","price":1028.122,"amount":0.01,"tid":92460563,"timestamp":1486493898},{"type":"ask","price":1028.122,"amount":0.01,"tid":92460562,"timestamp":1486493893},{"type":"bid","price":1028.13,"amount":0.01,"tid":92460561,"timestamp":1486493887},{"type":"bid","price":1028.13,"amount":0.01,"tid":92460560,"timestamp":1486493887},{"type":"ask","price":1028.13,"amount":0.04524009,"tid":92460559,"timestamp":1486493882},{"type":"ask","price":1028.13,"amount":0.01,"tid":92460557,"timestamp":1486493881},{"type":"ask","price":1028.13,"amount":0.00475991,"tid":92460556,"timestamp":1486493878},{"type":"ask","price":1028.13,"amount":0.06,"tid":92460555,"timestamp":1486493878},{"type":"ask","price":1028.13,"amount":4.99,"tid":92460554,"timestamp":1486493877},{"type":"bid","price":1029,"amount":0.24103368,"tid":92460553,"timestamp":1486493832},{"type":"bid","price":1029,"amount":0.052,"tid":92460552,"timestamp":1486493826},{"type":"bid","price":1029,"amount":0.022,"tid":92460551,"timestamp":1486493809},{"type":"bid","price":1029,"amount":0.01,"tid":92460549,"timestamp":1486493802},{"type":"bid","price":1029,"amount":0.01,"tid":92460547,"timestamp":1486493798},{"type":"bid","price":1029,"amount":0.01,"tid":92460546,"timestamp":1486493793},{"type":"ask","price":1028.13,"amount":0.01,"tid":92460530,"timestamp":1486493765},{"type":"bid","price":1029,"amount":0.01,"tid":92460528,"timestamp":1486493764},{"type":"bid","price":1029,"amount":4,"tid":92460519,"timestamp":1486493743},{"type":"ask","price":1028.122,"amount":1.01595001,"tid":92460517,"timestamp":1486493725},{"type":"bid","price":1029,"amount":0.03,"tid":92460516,"timestamp":1486493721},{"type":"ask","price":1028.122,"amount":0.01,"tid":92460514,"timestamp":1486493708},{"type":"ask","price":1028.122,"amount":0.01,"tid":92460513,"timestamp":1486493708},{"type":"bid","price":1029,"amount":1.849229,"tid":92460507,"timestamp":1486493688},{"type":"ask","price":1028.122,"amount":0.05745049,"tid":92460504,"timestamp":1486493670},{"type":"ask","price":1028.123,"amount":0.02049951,"tid":92460503,"timestamp":1486493670},{"type":"ask","price":1028.122,"amount":0.05009365,"tid":92460493,"timestamp":1486493507},{"type":"bid","price":1029,"amount":0.02,"tid":92460488,"timestamp":1486493490},{"type":"ask","price":1028.122,"amount":0.01,"tid":92460478,"timestamp":1486493489},{"type":"bid","price":1029,"amount":0.01,"tid":92460476,"timestamp":1486493489},{"type":"bid","price":1029,"amount":0.01,"tid":92460474,"timestamp":1486493489},{"type":"ask","price":1028.122,"amount":0.03,"tid":92460473,"timestamp":1486493488},{"type":"ask","price":1028.122,"amount":0.02,"tid":92460472,"timestamp":1486493488},{"type":"ask","price":1028.122,"amount":0.01,"tid":92460469,"timestamp":1486493487},{"type":"ask","price":1028.122,"amount":0.01,"tid":92460468,"timestamp":1486493487},{"type":"bid","price":1029,"amount":0.01,"tid":92460466,"timestamp":1486493487},{"type":"ask","price":1028.122,"amount":0.02,"tid":92460465,"timestamp":1486493487},{"type":"bid","price":1029,"amount":0.01,"tid":92460464,"timestamp":1486493487},{"type":"ask","price":1028.122,"amount":0.01,"tid":92460463,"timestamp":1486493487},{"type":"ask","price":1028.122,"amount":0.01,"tid":92460462,"timestamp":1486493486},{"type":"bid","price":1029,"amount":0.01,"tid":92460461,"timestamp":1486493486},{"type":"bid","price":1029,"amount":0.01,"tid":92460460,"timestamp":1486493486},{"type":"ask","price":1028.122,"amount":0.01,"tid":92460459,"timestamp":1486493486},{"type":"bid","price":1029,"amount":0.03,"tid":92460449,"timestamp":1486493484},{"type":"bid","price":1029,"amount":0.04,"tid":92460448,"timestamp":1486493484},{"type":"ask","price":1028.122,"amount":0.01,"tid":92460437,"timestamp":1486493482},{"type":"ask","price":1028.122,"amount":0.01,"tid":92460436,"timestamp":1486493482},{"type":"ask","price":1028.122,"amount":0.01,"tid":92460435,"timestamp":1486493481},{"type":"ask","price":1028.122,"amount":0.01,"tid":92460434,"timestamp":1486493481},{"type":"ask","price":1028.122,"amount":0.01,"tid":92460433,"timestamp":1486493481},{"type":"bid","price":1029,"amount":0.01,"tid":92460430,"timestamp":1486493480},{"type":"bid","price":1029,"amount":0.04,"tid":92460429,"timestamp":1486493480},{"type":"ask","price":1028.122,"amount":0.01,"tid":92460419,"timestamp":1486493479},{"type":"ask","price":1028.122,"amount":0.01,"tid":92460418,"timestamp":1486493479},{"type":"bid","price":1029,"amount":0.01,"tid":92460416,"timestamp":1486493478},{"type":"ask","price":1028.122,"amount":0.01,"tid":92460411,"timestamp":1486493478},{"type":"bid","price":1029,"amount":0.02,"tid":92460406,"timestamp":1486493477},{"type":"bid","price":1029,"amount":0.01,"tid":92460401,"timestamp":1486493476},{"type":"bid","price":1029,"amount":0.03,"tid":92460400,"timestamp":1486493476},{"type":"bid","price":1029,"amount":0.03,"tid":92460399,"timestamp":1486493476},{"type":"bid","price":1029,"amount":0.03,"tid":92460398,"timestamp":1486493475},{"type":"ask","price":1028.122,"amount":0.09,"tid":92460397,"timestamp":1486493475},{"type":"ask","price":1028.122,"amount":0.01,"tid":92460385,"timestamp":1486493471},{"type":"ask","price":1028.122,"amount":0.01,"tid":92460384,"timestamp":1486493471},{"type":"ask","price":1028.122,"amount":0.01,"tid":92460377,"timestamp":1486493470},{"type":"ask","price":1028.122,"amount":0.01,"tid":92460374,"timestamp":1486493469},{"type":"ask","price":1028.122,"amount":0.01,"tid":92460373,"timestamp":1486493469},{"type":"ask","price":1028.122,"amount":0.01,"tid":92460372,"timestamp":1486493469},{"type":"bid","price":1029,"amount":0.02,"tid":92460371,"timestamp":1486493468},{"type":"bid","price":1029,"amount":0.02,"tid":92460370,"timestamp":1486493468},{"type":"bid","price":1029,"amount":0.01,"tid":92460369,"timestamp":1486493468},{"type":"bid","price":1029,"amount":0.01,"tid":92460350,"timestamp":1486493464},{"type":"bid","price":1029,"amount":0.01,"tid":92460349,"timestamp":1486493464},{"type":"bid","price":1029,"amount":0.01,"tid":92460348,"timestamp":1486493464},{"type":"bid","price":1029,"amount":0.01,"tid":92460347,"timestamp":1486493463},{"type":"bid","price":1029,"amount":0.01,"tid":92460346,"timestamp":1486493463},{"type":"bid","price":1029,"amount":0.01,"tid":92460345,"timestamp":1486493462},{"type":"bid","price":1029,"amount":0.01,"tid":92460344,"timestamp":1486493462},{"type":"bid","price":1029,"amount":0.01,"tid":92460342,"timestamp":1486493462},{"type":"ask","price":1028.122,"amount":0.01,"tid":92460341,"timestamp":1486493461},{"type":"ask","price":1028.122,"amount":0.035398,"tid":92460340,"timestamp":1486493461},{"type":"ask","price":1028.123,"amount":0.034602,"tid":92460339,"timestamp":1486493461},{"type":"bid","price":1029,"amount":0.1357,"tid":92460336,"timestamp":1486493405},{"type":"bid","price":1029,"amount":0.07274606,"tid":92460335,"timestamp":1486493354},{"type":"bid","price":1028.45,"amount":0.66048394,"tid":92460334,"timestamp":1486493354},{"type":"bid","price":1028.45,"amount":0.11931606,"tid":92460332,"timestamp":1486493337},{"type":"ask","price":1028.121,"amount":0.63198284,"tid":92460326,"timestamp":1486493302},{"type":"ask","price":1028.121,"amount":0.77241632,"tid":92460325,"timestamp":1486493302},{"type":"ask","price":1028.122,"amount":0.03163719,"tid":92460324,"timestamp":1486493302},{"type":"ask","price":1028.843,"amount":0.30396365,"tid":92460323,"timestamp":1486493302},{"type":"ask","price":1028.843,"amount":0.07003635,"tid":92460322,"timestamp":1486493299},{"type":"bid","price":1029,"amount":0.01,"tid":92460321,"timestamp":1486493278},{"type":"bid","price":1029,"amount":0.14577259,"tid":92460319,"timestamp":1486493239},{"type":"ask","price":1028.121,"amount":0.005,"tid":92460318,"timestamp":1486493237},{"type":"bid","price":1029,"amount":1.32935727,"tid":92460316,"timestamp":1486493212},{"type":"bid","price":1028.843,"amount":0.27064273,"tid":92460315,"timestamp":1486493212},{"type":"bid","price":1028.843,"amount":0.086,"tid":92460314,"timestamp":1486493209},{"type":"ask","price":1028.12,"amount":0.874,"tid":92460313,"timestamp":1486493199},{"type":"ask","price":1028.12,"amount":0.01,"tid":92460312,"timestamp":1486493187},{"type":"ask","price":1028.12,"amount":0.01,"tid":92460311,"timestamp":1486493187},{"type":"ask","price":1028.12,"amount":0.01,"tid":92460309,"timestamp":1486493187},{"type":"ask","price":1028.12,"amount":0.01,"tid":92460308,"timestamp":1486493186},{"type":"ask","price":1028.12,"amount":0.01,"tid":92460307,"timestamp":1486493186},{"type":"bid","price":1028.843,"amount":0.03,"tid":92460306,"timestamp":1486493186},{"type":"ask","price":1028.12,"amount":0.01,"tid":92460305,"timestamp":1486493186},{"type":"bid","price":1028.843,"amount":0.03,"tid":92460304,"timestamp":1486493186},{"type":"ask","price":1028.12,"amount":0.01,"tid":92460301,"timestamp":1486493184},{"type":"ask","price":1028.12,"amount":0.01,"tid":92460298,"timestamp":1486493184},{"type":"ask","price":1028.12,"amount":0.01,"tid":92460296,"timestamp":1486493184},{"type":"ask","price":1028.12,"amount":0.01,"tid":92460295,"timestamp":1486493184},{"type":"ask","price":1028.12,"amount":0.01,"tid":92460293,"timestamp":1486493183},{"type":"bid","price":1028.843,"amount":0.01,"tid":92460292,"timestamp":1486493183},{"type":"ask","price":1028.12,"amount":0.01,"tid":92460290,"timestamp":1486493183},{"type":"ask","price":1028.12,"amount":0.01,"tid":92460289,"timestamp":1486493183},{"type":"bid","price":1028.843,"amount":0.05,"tid":92460287,"timestamp":1486493183},{"type":"bid","price":1028.843,"amount":0.02,"tid":92460286,"timestamp":1486493182},{"type":"ask","price":1028.12,"amount":0.01,"tid":92460285,"timestamp":1486493182},{"type":"bid","price":1028.843,"amount":0.01,"tid":92460270,"timestamp":1486493179},{"type":"ask","price":1028.12,"amount":0.01,"tid":92460265,"timestamp":1486493179},{"type":"bid","price":1028.843,"amount":0.01,"tid":92460261,"timestamp":1486493178},{"type":"bid","price":1028.843,"amount":0.01,"tid":92460259,"timestamp":1486493178},{"type":"bid","price":1028.843,"amount":0.01,"tid":92460256,"timestamp":1486493178},{"type":"bid","price":1028.843,"amount":0.01,"tid":92460252,"timestamp":1486493178},{"type":"ask","price":1028.12,"amount":0.04,"tid":92460250,"timestamp":1486493178},{"type":"bid","price":1028.843,"amount":0.03,"tid":92460245,"timestamp":1486493176},{"type":"bid","price":1028.843,"amount":0.03,"tid":92460240,"timestamp":1486493176},{"type":"ask","price":1028.12,"amount":0.03,"tid":92460238,"timestamp":1486493175},{"type":"ask","price":1028.12,"amount":0.03,"tid":92460236,"timestamp":1486493175},{"type":"bid","price":1028.843,"amount":0.03,"tid":92460212,"timestamp":1486493172},{"type":"ask","price":1028.12,"amount":0.05,"tid":92460210,"timestamp":1486493172},{"type":"ask","price":1028.12,"amount":0.01,"tid":92460196,"timestamp":1486493167},{"type":"bid","price":1028.843,"amount":0.02,"tid":92460190,"timestamp":1486493166},{"type":"ask","price":1028.12,"amount":0.01,"tid":92460188,"timestamp":1486493166},{"type":"bid","price":1028.843,"amount":0.03,"tid":92460173,"timestamp":1486493164},{"type":"ask","price":1028.12,"amount":0.03,"tid":92460172,"timestamp":1486493163},{"type":"ask","price":1028.12,"amount":0.03,"tid":92460169,"timestamp":1486493163},{"type":"ask","price":1028.12,"amount":0.03,"tid":92460167,"timestamp":1486493162},{"type":"bid","price":1028.843,"amount":0.06,"tid":92460163,"timestamp":1486493162},{"type":"bid","price":1028.843,"amount":0.01,"tid":92460154,"timestamp":1486493160},{"type":"ask","price":1028.12,"amount":0.01,"tid":92460147,"timestamp":1486493160},{"type":"bid","price":1028.843,"amount":0.01,"tid":92460137,"timestamp":1486493158},{"type":"bid","price":1028.843,"amount":0.01,"tid":92460136,"timestamp":1486493158},{"type":"ask","price":1028.12,"amount":0.01,"tid":92460135,"timestamp":1486493158},{"type":"ask","price":1028.12,"amount":0.01,"tid":92460134,"timestamp":1486493157},{"type":"ask","price":1028.12,"amount":0.01,"tid":92460124,"timestamp":1486493156},{"type":"ask","price":1028.12,"amount":0.01,"tid":92460122,"timestamp":1486493155},{"type":"bid","price":1028.843,"amount":0.01,"tid":92460120,"timestamp":1486493155},{"type":"bid","price":1028.843,"amount":0.01,"tid":92460118,"timestamp":1486493155},{"type":"ask","price":1028.12,"amount":0.01,"tid":92460116,"timestamp":1486493155}]}