[
  {
    "date": 1486512057,
    "date_ms": 1486512057048,
    "price": 1051.2000,
    "amount": 1.48190,
    "type": "sell",
    "tid": "784171"
  },
  {
    "date": 1486512025,
    "date_ms": 1486512025705,
    "price": 1050.5900,
    "amount": 0.02230,
    "type": "buy",
    "tid": "784168"
  },
  {
    "date": 1486511984,
    "date_ms": 1486511984455,
    "price": 1051.2400,
    "amount": 1.35610,
    "type": "sell",
    "tid": "784165"
  },
  {
    "date": 1486511967,
    "date_ms": 1486511967409,
    "price": 1050.5300,
    "amount": 2.69260,
    "type": "buy",
    "tid": "784164"
  },
  {
    "date": 1486511935,
    "date_ms": 1486511935222,
    "price": 1051.1700,
    "amount": 1.23300,
    "type": "sell",
    "tid": "784162"
  },
  {
    "date": 1486511907,
    "date_ms": 1486511907988,
    "price": 1051.5400,
    "amount": 2.56680,
    "type": "sell",
    "tid": "784160"
  },
  {
    "date": 1486511873,
    "date_ms": 1486511873941,
    "price": 1050.4700,
    "amount": 1.10720,
    "type": "buy",
    "tid": "784157"
  },
  {
    "date": 1486511852,
    "date_ms": 1486511852832,
    "price": 1051.7900,
    "amount": 2.44100,
    "type": "sell",
    "tid": "784155"
  },
  {
    "date": 1486511835,
    "date_ms": 1486511835395,
    "price": 1050.4000,
    "amount": 0.98140,
    "type": "buy",
    "tid": "784154"
  },
  {
    "date": 1486511796,
    "date_ms": 1486511796271,
    "price": 1051.0500,
    "amount": 2.31520,
    "type": "sell",
    "tid": "784152"
  },
  {
    "date": 1486511765,
    "date_ms": 1486511765865,
    "price": 1050.3800,
    "amount": 0.85560,
    "type": "buy",
    "tid": "784149"
  },
  {
    "date": 1486511727,
    "date_ms": 1486511727037,
    "price": 1050.3900,
    "amount": 2.18930,
    "type": "buy",
    "tid": "784146"
  },
  {
    "date": 1486511693,
    "date_ms": 1486511693210,
    "price": 1051.7700,
    "amount": 0.72970,
    "type": "sell",
    "tid": "784144"
  },
  {
    "date": 1486511669,
    "date_ms": 1486511669288,
    "price": 1050.5000,
    "amount": 2.06350,
    "type": "buy",
    "tid": "784141"
  },
  {
    "date": 1486511631,
    "date_ms": 1486511631648,
    "price": 1050.9300,
    "amount": 0.60670,
    "type": "sell",
    "tid": "784133"
  },
  {
    "date": 1486511610,
    "date_ms": 1486511610070,
    "price": 1049.8200,
    "amount": 1.94050,
    "type": "buy",
    "tid": "784125"
  },
  {
    "date": 1486511586,
    "date_ms": 1486511586164,
    "price": 1050.2600,
    "amount": 0.48090,
    "type": "buy",
    "tid": "784119"
  },
  {
    "date": 1486511569,
    "date_ms": 1486511569259,
    "price": 1050.0700,
    "amount": 1.81460,
    "type": "buy",
    "tid": "784117"
  },
  {
    "date": 1486511550,
    "date_ms": 1486511550915,
    "price": 1051.1900,
    "amount": 0.35510,
    "type": "sell",
    "tid": "784116"
  },
  {
    "date": 1486511510,
    "date_ms": 1486511510103,
    "price": 1050.2900,
    "amount": 1.68880,
    "type": "buy",
    "tid": "784113"
  },
  {
    "date": 1486511471,
    "date_ms": 1486511471729,
    "price": 1050.5900,
    "amount": 0.22920,
    "type": "buy",
    "tid": "784111"
  },
  {
    "date": 1486511436,
    "date_ms": 1486511436604,
    "price": 1051.1600,
    "amount": 1.56300,
    "type": "sell",
    "tid": "784107"
  },
  {
    "date": 1486511409,
    "date_ms": 1486511409714,
    "price": 1050.7400,
    "amount": 0.10340,
    "type": "buy",
    "tid": "784106"
  },
  {
    "date": 1486511378,
    "date_ms": 1486511378808,
    "price": 1049.9900,
    "amount": 1.43720,
    "type": "buy",
    "tid": "784103"
  },
  {
    "date": 1486511358,
    "date_ms": 1486511358012,
    "price": 1050.3900,
    "amount": 2.77370,
    "type": "buy",
    "tid": "784101"
  },
  {
    "date": 1486511330,
    "date_ms": 1486511330028,
    "price": 1051.3200,
    "amount": 1.31410,
    "type": "sell",
    "tid": "784099"
  },
  {
    "date": 1486511298,
    "date_ms": 1486511298841,
    "price": 1050.6100,
    "amount": 0.05180,
    "type": "buy",
    "tid": "784097"
  },
  {
    "date": 1486511258,
    "date_ms": 1486511258373,
    "price": 1050.0500,
    "amount": 0.22480,
    "type": "buy",
    "tid": "784093"
  },
  {
    "date": 1486511232,
    "date_ms": 1486511232436,
    "price": 1051.0100,
    "amount": 0.03550,
    "type": "sell",
    "tid": "784092"
  },
  {
    "date": 1486511212,
    "date_ms": 1486511212123,
    "price": 1050.2900,
    "amount": 0.20850,
    "type": "buy",
    "tid": "784090"
  },
  {
    "date": 1486511167,
    "date_ms": 1486511167608,
    "price": 1050.5200,
    "amount": 0.01920,
    "type": "buy",
    "tid": "784088"
  },
  {
    "date": 1486511134,
    "date_ms": 1486511134609,
    "price": 1051.4800,
    "amount": 0.19210,
    "type": "sell",
    "tid": "784084"
  },
  {
    "date": 1486511098,
    "date_ms": 1486511098969,
    "price": 1051.4100,
    "amount": 0.00290,
    "type": "sell",
    "tid": "784082"
  },
  {
    "date": 1486511066,
    "date_ms": 1486511066782,
    "price": 1050.9600,
    "amount": 0.17580,
    "type": "sell",
    "tid": "784079"
  },
  {
    "date": 1486511033,
    "date_ms": 1486511033548,
    "price": 1050.9600,
    "amount": 0.34910,
    "type": "sell",
    "tid": "784077"
  },
  {
    "date": 1486511014,
    "date_ms": 1486511014267,
    "price": 1051.2100,
    "amount": 0.15990,
    "type": "sell",
    "tid": "784076"
  },
  {
    "date": 1486510979,
    "date_ms": 1486510979236,
    "price": 1051.7500,
    "amount": 0.33280,
    "type": "sell",
    "tid": "784072"
  },
  {
    "date": 1486510949,
    "date_ms": 1486510949346,
    "price": 1050.7200,
    "amount": 0.14350,
    "type": "buy",
    "tid": "784070"
  },
  {
    "date": 1486510921,
    "date_ms": 1486510921815,
    "price": 1050.8600,
    "amount": 0.31650,
    "type": "sell",
    "tid": "784068"
  },
  {
    "date": 1486510883,
    "date_ms": 1486510883972,
    "price": 1051.7300,
    "amount": 0.12720,
    "type": "sell",
    "tid": "784065"
  },
  {
    "date": 1486510858,
    "date_ms": 1486510858129,
    "price": 1051.2700,
    "amount": 0.30020,
    "type": "sell",
    "tid": "784063"
  },
  {
    "date": 1486510827,
    "date_ms": 1486510827348,
    "price": 1050.8800,
    "amount": 0.11090,
    "type": "sell",
    "tid": "784061"
  },
  {
    "date": 1486510809,
    "date_ms": 1486510809754,
    "price": 1050.6000,
    "amount": 0.28390,
    "type": "buy",
    "tid": "784059"
  },
  {
    "date": 1486510771,
    "date_ms": 1486510771005,
    "price": 1051.6700,
    "amount": 0.09460,
    "type": "sell",
    "tid": "784057"
  },
  {
    "date": 1486510737,
    "date_ms": 1486510737881,
    "price": 1051.7500,
    "amount": 0.26760,
    "type": "sell",
    "tid": "784054"
  },
  {
    "date": 1486510700,
    "date_ms": 1486510700084,
    "price": 1050.8500,
    "amount": 0.07860,
    "type": "sell",
    "tid": "784051"
  },
  {
    "date": 1486510660,
    "date_ms": 1486510660819,
    "price": 1051.2900,
    "amount": 0.25160,
    "type": "sell",
    "tid": "784048"
  },
  {
    "date": 1486510631,
    "date_ms": 1486510631117,
    "price": 1050.0500,
    "amount": 0.06230,
    "type": "buy",
    "tid": "784046"
  },
  {
    "date": 1486510596,
    "date_ms": 1486510596414,
    "price": 1050.2300,
    "amount": 0.23530,
    "type": "buy",
    "tid": "784043"
  },
  {
    "date": 1486510571,
    "date_ms": 1486510571617,
    "price": 1051.7300,
    "amount": 0.04600,
    "type": "sell",
    "tid": "784041"
  },
  {
    "date": 1486510535,
    "date_ms": 1486510535399,
    "price": 1051.1700,
    "amount": 0.21900,
    "type": "sell",
    "tid": "784038"
  },
  {
    "date": 1486510519,
    "date_ms": 1486510519821,
    "price": 1049.8800,
    "amount": 0.02970,
    "type": "buy",
    "tid": "784036"
  },
  {
    "date": 1486510499,
    "date_ms": 1486510499322,
    "price": 1051.7800,
    "amount": 0.20260,
    "type": "sell",
    "tid": "784034"
  },
  {
    "date": 1486510456,
    "date_ms": 1486510456182,
    "price": 1051.2000,
    "amount": 0.01340,
    "type": "sell",
    "tid": "784031"
  },
  {
    "date": 1486510440,
    "date_ms": 1486510440791,
    "price": 1050.4200,
    "amount": 0.18630,
    "type": "buy",
    "tid": "784029"
  },
  {
    "date": 1486510412,
    "date_ms": 1486510412948,
    "price": 1051.1400,
    "amount": 0.35970,
    "type": "sell",
    "tid": "784027"
  },
  {
    "date": 1486510387,
    "date_ms": 1486510387167,
    "price": 1051.3600,
    "amount": 0.17040,
    "type": "sell",
    "tid": "784024"
  },
  {
    "date": 1486510350,
    "date_ms": 1486510350605,
    "price": 1050.7600,
    "amount": 0.34330,
    "type": "buy",
    "tid": "784021"
  },
  {
    "date": 1486510326,
    "date_ms": 1486510326215,
    "price": 1050.1900,
    "amount": 0.05720,
    "type": "buy",
    "tid": "784019"
  },
  {
    "date": 1486510300,
    "date_ms": 1486510300559,
    "price": 1051.2300,
    "amount": 0.01510,
    "type": "sell",
    "tid": "784016"
  },
  {
    "date": 1486510276,
    "date_ms": 1486510276966,
    "price": 1051.4100,
    "amount": 0.05370,
    "type": "sell",
    "tid": "784015"
  },
  {
    "date": 1486510250,
    "date_ms": 1486510250544,
    "price": 1051.3400,
    "amount": 0.01150,
    "type": "sell",
    "tid": "784012"
  },
  {
    "date": 1486510212,
    "date_ms": 1486510212576,
    "price": 1050.5600,
    "amount": 0.05000,
    "type": "buy",
    "tid": "784010"
  },
  {
    "date": 1486510192,
    "date_ms": 1486510192717,
    "price": 1051.0900,
    "amount": 0.00790,
    "type": "sell",
    "tid": "784007"
  },
  {
    "date": 1486510174,
    "date_ms": 1486510174592,
    "price": 1049.9900,
    "amount": 0.04640,
    "type": "buy",
    "tid": "784006"
  },
  {
    "date": 1486510140,
    "date_ms": 1486510140046,
    "price": 1050.6100,
    "amount": 0.00420,
    "type": "buy",
    "tid": "784004"
  },
  {
    "date": 1486510118,
    "date_ms": 1486510118562,
    "price": 1050.8900,
    "amount": 0.04280,
    "type": "sell",
    "tid": "784001"
  },
  {
    "date": 1486510064,
    "date_ms": 1486510064531,
    "price": 1049.8300,
    "amount": 0.03910,
    "type": "buy",
    "tid": "783998"
  },
  {
    "date": 1486510036,
    "date_ms": 1486510036938,
    "price": 1050.3600,
    "amount": 0.07770,
    "type": "buy",
    "tid": "783995"
  },
  {
    "date": 1486510020,
    "date_ms": 1486510020110,
    "price": 1051.6900,
    "amount": 0.03560,
    "type": "sell",
    "tid": "783993"
  },
  {
    "date": 1486509988,
    "date_ms": 1486509988017,
    "price": 1051.2700,
    "amount": 0.07410,
    "type": "sell",
    "tid": "783991"
  },
  {
    "date": 1486509968,
    "date_ms": 1486509968189,
    "price": 1050.0800,
    "amount": 0.03190,
    "type": "buy",
    "tid": "783989"
  },
  {
    "date": 1486509941,
    "date_ms": 1486509941940,
    "price": 1050.0900,
    "amount": 0.07040,
    "type": "buy",
    "tid": "783986"
  },
  {
    "date": 1486509913,
    "date_ms": 1486509913190,
    "price": 1050.5200,
    "amount": 0.02830,
    "type": "buy",
    "tid": "783985"
  },
  {
    "date": 1486509882,
    "date_ms": 1486509882159,
    "price": 1050.5600,
    "amount": 0.06680,
    "type": "buy",
    "tid": "783983"
  },
  {
    "date": 1486509865,
    "date_ms": 1486509865159,
    "price": 1050.8400,
    "amount": 0.02470,
    "type": "sell",
    "tid": "783981"
  },
  {
    "date": 1486509846,
    "date_ms": 1486509846800,
    "price": 1049.9600,
    "amount": 0.06320,
    "type": "buy",
    "tid": "783978"
  },
  {
    "date": 1486509810,
    "date_ms": 1486509810317,
    "price": 1050.7400,
    "amount": 0.02100,
    "type": "buy",
    "tid": "783976"
  },
  {
    "date": 1486509791,
    "date_ms": 1486509791348,
    "price": 1049.8900,
    "amount": 0.05950,
    "type": "buy",
    "tid": "783974"
  },
  {
    "date": 1486509755,
    "date_ms": 1486509755708,
    "price": 1049.9300,
    "amount": 0.01750,
    "type": "buy",
    "tid": "783971"
  },
  {
    "date": 1486509733,
    "date_ms": 1486509733255,
    "price": 1051.0400,
    "amount": 0.05600,
    "type": "sell",
    "tid": "783970"
  },
  {
    "date": 1486509707,
    "date_ms": 1486509707146,
    "price": 1049.8300,
    "amount": 0.01380,
    "type": "buy",
    "tid": "783967"
  },
  {
    "date": 1486509683,
    "date_ms": 1486509683709,
    "price": 1050.4400,
    "amount": 0.05240,
    "type": "buy",
    "tid": "783965"
  },
  {
    "date": 1486509655,
    "date_ms": 1486509655647,
    "price": 1050.1600,
    "amount": 0.01020,
    "type": "buy",
    "tid": "783963"
  },
  {
    "date": 1486509620,
    "date_ms": 1486509620038,
    "price": 1050.3000,
    "amount": 0.04870,
    "type": "buy",
    "tid": "783960"
  },
  {
    "date": 1486509583,
    "date_ms": 1486509583351,
    "price": 1050.6000,
    "amount": 0.00660,
    "type": "buy",
    "tid": "783958"
  },
  {
    "date": 1486509540,
    "date_ms": 1486509540258,
    "price": 1050.3100,
    "amount": 0.04510,
    "type": "buy",
    "tid": "783954"
  },
  {
    "date": 1486509503,
    "date_ms": 1486509503056,
    "price": 1050.6400,
    "amount": 0.00290,
    "type": "buy",
    "tid": "783952"
  },
  {
    "date": 1486509470,
    "date_ms": 1486509470978,
    "price": 1051.2200,
    "amount": 0.04150,
    "type": "sell",
    "tid": "783950"
  },
  {
    "date": 1486509449,
    "date_ms": 1486509449041,
    "price": 1050.0800,
    "amount": 0.08010,
    "type": "buy",
    "tid": "783948"
  },
  {
    "date": 1486509425,
    "date_ms": 1486509425276,
    "price": 1051.4000,
    "amount": 0.03790,
    "type": "sell",
    "tid": "783945"
  },
  {
    "date": 1486509396,
    "date_ms": 1486509396557,
    "price": 1051.5400,
    "amount": 0.07640,
    "type": "sell",
    "tid": "783944"
  },
  {
    "date": 1486509369,
    "date_ms": 1486509369339,
    "price": 1051.5500,
    "amount": 0.03430,
    "type": "sell",
    "tid": "783942"
  },
  {
    "date": 1486509338,
    "date_ms": 1486509338933,
    "price": 1050.4800,
    "amount": 0.00720,
    "type": "buy",
    "tid": "783938"
  },
  {
    "date": 1486509297,
    "date_ms": 1486509297340,
    "price": 1049.8800,
    "amount": 0.00110,
    "type": "buy",
    "tid": "783936"
  },
  {
    "date": 1486509263,
    "date_ms": 1486509263153,
    "price": 1051.2100,
    "amount": 0.00670,
    "type": "sell",
    "tid": "783934"
  },
  {
    "date": 1486509190,
    "date_ms": 1486509190045,
    "price": 1051.4300,
    "amount": 0.00610,
    "type": "sell",
    "tid": "783930"
  },
  {
    "date": 1486509155,
    "date_ms": 1486509155873,
    "price": 1050.8600,
    "amount": 0.00560,
    "type": "sell",
    "tid": "783926"
  },
  {
    "date": 1486509136,
    "date_ms": 1486509136764,
    "price": 1051.4700,
    "amount": 0.01120,
    "type": "sell",
    "tid": "783925"
  },
  {
    "date": 1486509118,
    "date_ms": 1486509118796,
    "price": 1051.5800,
    "amount": 0.00510,
    "type": "sell",
    "tid": "783923"
  },
  {
    "date": 1486509095,
    "date_ms": 1486509095484,
    "price": 1050.9100,
    "amount": 0.01070,
    "type": "sell",
    "tid": "783921"
  },
  {
    "date": 1486509072,
    "date_ms": 1486509072015,
    "price": 1051.5100,
    "amount": 0.00460,
    "type": "sell",
    "tid": "783919"
  },
  {
    "date": 1486509040,
    "date_ms": 1486509040109,
    "price": 1051.1200,
    "amount": 0.01020,
    "type": "sell",
    "tid": "783916"
  },
  {
    "date": 1486509006,
    "date_ms": 1486509006672,
    "price": 1050.7400,
    "amount": 0.00410,
    "type": "buy",
    "tid": "783912"
  },
  {
    "date": 1486508987,
    "date_ms": 1486508987313,
    "price": 1051.4900,
    "amount": 0.00960,
    "type": "sell",
    "tid": "783907"
  },
  {
    "date": 1486508957,
    "date_ms": 1486508957689,
    "price": 1051.4900,
    "amount": 0.00350,
    "type": "sell",
    "tid": "783903"
  },
  {
    "date": 1486508928,
    "date_ms": 1486508928611,
    "price": 1050.5600,
    "amount": 0.00910,
    "type": "buy",
    "tid": "783902"
  },
  {
    "date": 1486508901,
    "date_ms": 1486508901143,
    "price": 1051.6000,
    "amount": 0.00300,
    "type": "sell",
    "tid": "783900"
  },
  {
    "date": 1486508863,
    "date_ms": 1486508863081,
    "price": 1051.6400,
    "amount": 0.00860,
    "type": "sell",
    "tid": "783897"
  },
  {
    "date": 1486508834,
    "date_ms": 1486508834441,
    "price": 1051.2200,
    "amount": 0.00250,
    "type": "sell",
    "tid": "783895"
  },
  {
    "date": 1486508799,
    "date_ms": 1486508799754,
    "price": 1051.6900,
    "amount": 0.00810,
    "type": "sell",
    "tid": "783894"
  },
  {
    "date": 1486508769,
    "date_ms": 1486508769567,
    "price": 1050.8700,
    "amount": 0.00200,
    "type": "sell",
    "tid": "783891"
  },
  {
    "date": 1486508740,
    "date_ms": 1486508740239,
    "price": 1050.3600,
    "amount": 0.00750,
    "type": "buy",
    "tid": "783889"
  },
  {
    "date": 1486508704,
    "date_ms": 1486508704740,
    "price": 1051.0000,
    "amount": 0.00140,
    "type": "sell",
    "tid": "783888"
  },
  {
    "date": 1486508669,
    "date_ms": 1486508669709,
    "price": 1050.8900,
    "amount": 0.00700,
    "type": "sell",
    "tid": "783884"
  },
  {
    "date": 1486508617,
    "date_ms": 1486508617553,
    "price": 1051.1700,
    "amount": 0.00650,
    "type": "sell",
    "tid": "783881"
  },
  {
    "date": 1486508543,
    "date_ms": 1486508543570,
    "price": 1050.7300,
    "amount": 0.00600,
    "type": "buy",
    "tid": "783877"
  },
  {
    "date": 1486508503,
    "date_ms": 1486508503461,
    "price": 1050.8400,
    "amount": 0.01150,
    "type": "sell",
    "tid": "783874"
  },
  {
    "date": 1486508475,
    "date_ms": 1486508475899,
    "price": 1050.1100,
    "amount": 0.00540,
    "type": "buy",
    "tid": "783873"
  },
  {
    "date": 1486508447,
    "date_ms": 1486508447775,
    "price": 1050.4800,
    "amount": 0.01100,
    "type": "buy",
    "tid": "783871"
  },
  {
    "date": 1486508411,
    "date_ms": 1486508411525,
    "price": 1051.7500,
    "amount": 0.00490,
    "type": "sell",
    "tid": "783868"
  },
  {
    "date": 1486508384,
    "date_ms": 1486508384854,
    "price": 1051.5400,
    "amount": 0.01050,
    "type": "sell",
    "tid": "783866"
  },
  {
    "date": 1486508357,
    "date_ms": 1486508357870,
    "price": 1050.4600,
    "amount": 0.00490,
    "type": "buy",
    "tid": "783864"
  },
  {
    "date": 1486508296,
    "date_ms": 1486508296371,
    "price": 1051.0900,
    "amount": 0.00450,
    "type": "sell",
    "tid": "783859"
  },
  {
    "date": 1486508221,
    "date_ms": 1486508221559,
    "price": 1050.7600,
    "amount": 0.00420,
    "type": "buy",
    "tid": "783854"
  },
  {
    "date": 1486508174,
    "date_ms": 1486508174029,
    "price": 1050.9000,
    "amount": 0.00380,
    "type": "sell",
    "tid": "783852"
  },
  {
    "date": 1486508139,
    "date_ms": 1486508139029,
    "price": 1050.2500,
    "amount": 0.00760,
    "type": "buy",
    "tid": "783849"
  },
  {
    "date": 1486508109,
    "date_ms": 1486508109858,
    "price": 1050.0000,
    "amount": 0.00350,
    "type": "buy",
    "tid": "783846"
  },
  {
    "date": 1486508095,
    "date_ms": 1486508095171,
    "price": 1050.9700,
    "amount": 0.00730,
    "type": "sell",
    "tid": "783845"
  },
  {
    "date": 1486508057,
    "date_ms": 1486508057671,
    "price": 1050.6400,
    "amount": 0.00310,
    "type": "buy",
    "tid": "783842"
  },
  {
    "date": 1486508024,
    "date_ms": 1486508024531,
    "price": 1049.9200,
    "amount": 0.00690,
    "type": "buy",
    "tid": "783841"
  },
  {
    "date": 1486507991,
    "date_ms": 1486507991485,
    "price": 1051.3100,
    "amount": 0.00270,
    "type": "sell",
    "tid": "783838"
  },
  {
    "date": 1486507960,
    "date_ms": 1486507960595,
    "price": 1050.8100,
    "amount": 0.00650,
    "type": "buy",
    "tid": "783836"
  },
  {
    "date": 1486507933,
    "date_ms": 1486507933908,
    "price": 1050.7700,
    "amount": 0.00240,
    "type": "buy",
    "tid": "783834"
  },
  {
    "date": 1486507893,
    "date_ms": 1486507893455,
    "price": 1051.4400,
    "amount": 0.00620,
    "type": "sell",
    "tid": "783832"
  },
  {
    "date": 1486507862,
    "date_ms": 1486507862690,
    "price": 1050.5500,
    "amount": 0.00200,
    "type": "buy",
    "tid": "783830"
  },
  {
    "date": 1486507837,
    "date_ms": 1486507837284,
    "price": 1050.5400,
    "amount": 0.00580,
    "type": "buy",
    "tid": "783829"
  },
  {
    "date": 1486507799,
    "date_ms": 1486507799441,
    "price": 1051.5700,
    "amount": 0.00170,
    "type": "sell",
    "tid": "783825"
  },
  {
    "date": 1486507774,
    "date_ms": 1486507774801,
    "price": 1051.1800,
    "amount": 0.00550,
    "type": "sell",
    "tid": "783824"
  },
  {
    "date": 1486507752,
    "date_ms": 1486507752535,
    "price": 1051.4600,
    "amount": 0.00130,
    "type": "sell",
    "tid": "783822"
  },
  {
    "date": 1486507732,
    "date_ms": 1486507732676,
    "price": 1051.5700,
    "amount": 0.00510,
    "type": "sell",
    "tid": "783820"
  },
  {
    "date": 1486507714,
    "date_ms": 1486507714552,
    "price": 1051.5600,
    "amount": 0.00100,
    "type": "sell",
    "tid": "783818"
  },
  {
    "date": 1486507692,
    "date_ms": 1486507692271,
    "price": 1051.1300,
    "amount": 0.00480,
    "type": "sell",
    "tid": "783816"
  },
  {
    "date": 1486507618,
    "date_ms": 1486507618740,
    "price": 1051.0100,
    "amount": 0.00440,
    "type": "sell",
    "tid": "783812"
  },
  {
    "date": 1486507550,
    "date_ms": 1486507550413,
    "price": 1051.3300,
    "amount": 0.00400,
    "type": "sell",
    "tid": "783808"
  },
  {
    "date": 1486507530,
    "date_ms": 1486507530132,
    "price": 1050.1100,
    "amount": 0.00780,
    "type": "buy",
    "tid": "783807"
  },
  {
    "date": 1486507502,
    "date_ms": 1486507502867,
    "price": 1050.4300,
    "amount": 0.00370,
    "type": "buy",
    "tid": "783805"
  },
  {
    "date": 1486507487,
    "date_ms": 1486507487852,
    "price": 1050.0400,
    "amount": 0.00750,
    "type": "buy",
    "tid": "783803"
  },
  {
    "date": 1486507443,
    "date_ms": 1486507443556,
    "price": 1050.6100,
    "amount": 0.00330,
    "type": "buy",
    "tid": "783800"
  },
  {
    "date": 1486507416,
    "date_ms": 1486507416884,
    "price": 1051.5600,
    "amount": 0.00710,
    "type": "sell",
    "tid": "783798"
  },
  {
    "date": 1486507393,
    "date_ms": 1486507393681,
    "price": 1050.2000,
    "amount": 0.00300,
    "type": "buy",
    "tid": "783795"
  },
  {
    "date": 1486507359,
    "date_ms": 1486507359026,
    "price": 1051.1600,
    "amount": 0.17340,
    "type": "sell",
    "tid": "783793"
  },
  {
    "date": 1486507331,
    "date_ms": 1486507331042,
    "price": 1051.2700,
    "amount": 0.01590,
    "type": "sell",
    "tid": "783792"
  },
  {
    "date": 1486507310,
    "date_ms": 1486507310401,
    "price": 1051.2300,
    "amount": 0.15980,
    "type": "sell",
    "tid": "783790"
  },
  {
    "date": 1486507273,
    "date_ms": 1486507273714,
    "price": 1050.8300,
    "amount": 0.00240,
    "type": "sell",
    "tid": "783787"
  },
  {
    "date": 1486507256,
    "date_ms": 1486507256543,
    "price": 1049.9400,
    "amount": 0.14620,
    "type": "buy",
    "tid": "783785"
  },
  {
    "date": 1486507223,
    "date_ms": 1486507223184,
    "price": 1051.4000,
    "amount": 0.29040,
    "type": "sell",
    "tid": "783784"
  },
  {
    "date": 1486507184,
    "date_ms": 1486507184716,
    "price": 1050.9700,
    "amount": 0.13290,
    "type": "sell",
    "tid": "783781"
  },
  {
    "date": 1486507169,
    "date_ms": 1486507169982,
    "price": 1051.7500,
    "amount": 0.27680,
    "type": "sell",
    "tid": "783780"
  },
  {
    "date": 1486507130,
    "date_ms": 1486507130873,
    "price": 1050.0300,
    "amount": 0.11940,
    "type": "buy",
    "tid": "783777"
  },
  {
    "date": 1486507095,
    "date_ms": 1486507095905,
    "price": 1051.6000,
    "amount": 0.26320,
    "type": "sell",
    "tid": "783775"
  },
  {
    "date": 1486507063,
    "date_ms": 1486507063327,
    "price": 1050.3800,
    "amount": 0.10580,
    "type": "buy",
    "tid": "783774"
  },
  {
    "date": 1486507042,
    "date_ms": 1486507042140,
    "price": 1050.4800,
    "amount": 0.24970,
    "type": "buy",
    "tid": "783773"
  },
  {
    "date": 1486507003,
    "date_ms": 1486507003750,
    "price": 1051.4400,
    "amount": 0.09220,
    "type": "sell",
    "tid": "783770"
  },
  {
    "date": 1486506982,
    "date_ms": 1486506982813,
    "price": 1049.9100,
    "amount": 0.23610,
    "type": "buy",
    "tid": "783769"
  },
  {
    "date": 1486506949,
    "date_ms": 1486506949423,
    "price": 1051.4000,
    "amount": 0.07870,
    "type": "sell",
    "tid": "783766"
  },
  {
    "date": 1486506927,
    "date_ms": 1486506927157,
    "price": 1050.0800,
    "amount": 0.22250,
    "type": "buy",
    "tid": "783765"
  },
  {
    "date": 1486506899,
    "date_ms": 1486506899126,
    "price": 1050.2800,
    "amount": 0.06540,
    "type": "buy",
    "tid": "783764"
  },
  {
    "date": 1486506869,
    "date_ms": 1486506869471,
    "price": 1051.3600,
    "amount": 0.20920,
    "type": "sell",
    "tid": "783761"
  },
  {
    "date": 1486506828,
    "date_ms": 1486506828174,
    "price": 1051.2500,
    "amount": 0.05180,
    "type": "sell",
    "tid": "783759"
  },
  {
    "date": 1486506801,
    "date_ms": 1486506801659,
    "price": 1051.5300,
    "amount": 0.19570,
    "type": "sell",
    "tid": "783757"
  },
  {
    "date": 1486506774,
    "date_ms": 1486506774988,
    "price": 1050.8500,
    "amount": 0.03830,
    "type": "sell",
    "tid": "783755"
  },
  {
    "date": 1486506739,
    "date_ms": 1486506739238,
    "price": 1049.9100,
    "amount": 0.18210,
    "type": "buy",
    "tid": "783753"
  },
  {
    "date": 1486506717,
    "date_ms": 1486506717410,
    "price": 1050.0900,
    "amount": 0.02470,
    "type": "buy",
    "tid": "783751"
  },
  {
    "date": 1486506683,
    "date_ms": 1486506683942,
    "price": 1050.0900,
    "amount": 0.16850,
    "type": "buy",
    "tid": "783748"
  },
  {
    "date": 1486506649,
    "date_ms": 1486506649037,
    "price": 1050.2200,
    "amount": 0.01110,
    "type": "buy",
    "tid": "783746"
  },
  {
    "date": 1486506627,
    "date_ms": 1486506627224,
    "price": 1051.3600,
    "amount": 0.15500,
    "type": "sell",
    "tid": "783745"
  },
  {
    "date": 1486506588,
    "date_ms": 1486506588194,
    "price": 1049.9300,
    "amount": 0.29910,
    "type": "buy",
    "tid": "783743"
  },
  {
    "date": 1486506559,
    "date_ms": 1486506559632,
    "price": 1050.8900,
    "amount": 0.14170,
    "type": "sell",
    "tid": "783739"
  },
  {
    "date": 1486506521,
    "date_ms": 1486506521273,
    "price": 1051.5700,
    "amount": 0.28560,
    "type": "sell",
    "tid": "783737"
  },
  {
    "date": 1486506490,
    "date_ms": 1486506490586,
    "price": 1049.9500,
    "amount": 0.12810,
    "type": "buy",
    "tid": "783734"
  },
  {
    "date": 1486506458,
    "date_ms": 1486506458758,
    "price": 1051.1300,
    "amount": 0.27200,
    "type": "sell",
    "tid": "783732"
  },
  {
    "date": 1486506415,
    "date_ms": 1486506415368,
    "price": 1049.8700,
    "amount": 0.11460,
    "type": "buy",
    "tid": "783730"
  },
  {
    "date": 1486506398,
    "date_ms": 1486506398931,
    "price": 1050.4100,
    "amount": 0.25840,
    "type": "buy",
    "tid": "783727"
  },
  {
    "date": 1486506362,
    "date_ms": 1486506362900,
    "price": 1051.5800,
    "amount": 0.04760,
    "type": "sell",
    "tid": "783725"
  },
  {
    "date": 1486506308,
    "date_ms": 1486506308432,
    "price": 1050.3300,
    "amount": 0.04360,
    "type": "buy",
    "tid": "783722"
  },
  {
    "date": 1486506270,
    "date_ms": 1486506270824,
    "price": 1050.3300,
    "amount": 0.08660,
    "type": "buy",
    "tid": "783719"
  },
  {
    "date": 1486506243,
    "date_ms": 1486506243871,
    "price": 1051.2800,
    "amount": 0.03960,
    "type": "sell",
    "tid": "783717"
  },
  {
    "date": 1486506227,
    "date_ms": 1486506227230,
    "price": 1051.7100,
    "amount": 0.08250,
    "type": "sell",
    "tid": "783715"
  },
  {
    "date": 1486506195,
    "date_ms": 1486506195106,
    "price": 1051.8100,
    "amount": 0.03560,
    "type": "sell",
    "tid": "783714"
  },
  {
    "date": 1486506164,
    "date_ms": 1486506164388,
    "price": 1050.2700,
    "amount": 0.07850,
    "type": "buy",
    "tid": "783711"
  },
  {
    "date": 1486506127,
    "date_ms": 1486506127748,
    "price": 1050.7300,
    "amount": 0.03150,
    "type": "buy",
    "tid": "783709"
  },
  {
    "date": 1486506092,
    "date_ms": 1486506092404,
    "price": 1050.1300,
    "amount": 0.07440,
    "type": "buy",
    "tid": "783707"
  },
  {
    "date": 1486506075,
    "date_ms": 1486506075201,
    "price": 1051.5100,
    "amount": 0.02750,
    "type": "sell",
    "tid": "783705"
  },
  {
    "date": 1486506041,
    "date_ms": 1486506041890,
    "price": 1050.2600,
    "amount": 0.07040,
    "type": "buy",
    "tid": "783703"
  },
  {
    "date": 1486505996,
    "date_ms": 1486505996765,
    "price": 1050.3600,
    "amount": 0.02340,
    "type": "buy",
    "tid": "783699"
  },
  {
    "date": 1486505961,
    "date_ms": 1486505961922,
    "price": 1051.4600,
    "amount": 0.06630,
    "type": "sell",
    "tid": "783698"
  },
  {
    "date": 1486505926,
    "date_ms": 1486505926079,
    "price": 1051.7200,
    "amount": 0.01950,
    "type": "sell",
    "tid": "783695"
  },
  {
    "date": 1486505890,
    "date_ms": 1486505890689,
    "price": 1050.0000,
    "amount": 0.06240,
    "type": "buy",
    "tid": "783694"
  },
  {
    "date": 1486505858,
    "date_ms": 1486505858033,
    "price": 1050.1700,
    "amount": 0.01540,
    "type": "buy",
    "tid": "783691"
  },
  {
    "date": 1486505837,
    "date_ms": 1486505837127,
    "price": 1050.6600,
    "amount": 0.05830,
    "type": "buy",
    "tid": "783689"
  },
  {
    "date": 1486505803,
    "date_ms": 1486505803268,
    "price": 1049.8400,
    "amount": 0.01140,
    "type": "buy",
    "tid": "783686"
  },
  {
    "date": 1486505779,
    "date_ms": 1486505779612,
    "price": 1050.6600,
    "amount": 0.05430,
    "type": "buy",
    "tid": "783685"
  },
  {
    "date": 1486505755,
    "date_ms": 1486505755456,
    "price": 1050.1200,
    "amount": 0.00730,
    "type": "buy",
    "tid": "783683"
  },
  {
    "date": 1486505728,
    "date_ms": 1486505728957,
    "price": 1050.5100,
    "amount": 0.05020,
    "type": "buy",
    "tid": "783681"
  },
  {
    "date": 1486505694,
    "date_ms": 1486505694551,
    "price": 1051.0400,
    "amount": 0.00330,
    "type": "sell",
    "tid": "783677"
  },
  {
    "date": 1486505662,
    "date_ms": 1486505662364,
    "price": 1050.3900,
    "amount": 0.04620,
    "type": "buy",
    "tid": "783675"
  },
  {
    "date": 1486505631,
    "date_ms": 1486505631583,
    "price": 1051.3600,
    "amount": 0.08920,
    "type": "sell",
    "tid": "783672"
  },
  {
    "date": 1486505612,
    "date_ms": 1486505612568,
    "price": 1050.3500,
    "amount": 0.04220,
    "type": "buy",
    "tid": "783670"
  },
  {
    "date": 1486505590,
    "date_ms": 1486505590990,
    "price": 1050.2100,
    "amount": 0.08510,
    "type": "buy",
    "tid": "783668"
  },
  {
    "date": 1486505555,
    "date_ms": 1486505555991,
    "price": 1051.3500,
    "amount": 0.03820,
    "type": "sell",
    "tid": "783665"
  },
  {
    "date": 1486505527,
    "date_ms": 1486505527929,
    "price": 1050.6300,
    "amount": 0.08110,
    "type": "buy",
    "tid": "783664"
  },
  {
    "date": 1486505493,
    "date_ms": 1486505493288,
    "price": 1051.2700,
    "amount": 0.03410,
    "type": "sell",
    "tid": "783660"
  },
  {
    "date": 1486505451,
    "date_ms": 1486505451914,
    "price": 1051.4400,
    "amount": 0.07700,
    "type": "sell",
    "tid": "783658"
  },
  {
    "date": 1486505411,
    "date_ms": 1486505411040,
    "price": 1050.1400,
    "amount": 0.03010,
    "type": "buy",
    "tid": "783656"
  },
  {
    "date": 1486504378,
    "date_ms": 1486504378509,
    "price": 1049.8600,
    "amount": 0.00810,
    "type": "buy",
    "tid": "783618"
  },
  {
    "date": 1486504295,
    "date_ms": 1486504295869,
    "price": 1050.7200,
    "amount": 0.00740,
    "type": "buy",
    "tid": "783616"
  },
  {
    "date": 1486504260,
    "date_ms": 1486504260698,
    "price": 1051.2800,
    "amount": 0.01480,
    "type": "sell",
    "tid": "783615"
  },
  {
    "date": 1486504245,
    "date_ms": 1486504245089,
    "price": 1050.2800,
    "amount": 0.00670,
    "type": "buy",
    "tid": "783613"
  },
  {
    "date": 1486504224,
    "date_ms": 1486504224870,
    "price": 1051.6400,
    "amount": 0.01410,
    "type": "sell",
    "tid": "783612"
  },
  {
    "date": 1486504185,
    "date_ms": 1486504185996,
    "price": 1051.3700,
    "amount": 0.00600,
    "type": "sell",
    "tid": "783611"
  },
  {
    "date": 1486504142,
    "date_ms": 1486504142840,
    "price": 1050.1500,
    "amount": 0.01340,
    "type": "buy",
    "tid": "783609"
  },
  {
    "date": 1486504107,
    "date_ms": 1486504107091,
    "price": 1051.4900,
    "amount": 0.00540,
    "type": "sell",
    "tid": "783608"
  },
  {
    "date": 1486504090,
    "date_ms": 1486504090716,
    "price": 1051.1300,
    "amount": 0.01270,
    "type": "sell",
    "tid": "783607"
  },
  {
    "date": 1486504063,
    "date_ms": 1486504063091,
    "price": 1050.6900,
    "amount": 0.00470,
    "type": "buy",
    "tid": "783606"
  },
  {
    "date": 1486504044,
    "date_ms": 1486504044748,
    "price": 1050.5800,
    "amount": 0.01200,
    "type": "buy",
    "tid": "783605"
  },
  {
    "date": 1486504011,
    "date_ms": 1486504011030,
    "price": 1050.3200,
    "amount": 0.00400,
    "type": "buy",
    "tid": "783603"
  },
  {
    "date": 1486503987,
    "date_ms": 1486503987655,
    "price": 1051.3100,
    "amount": 0.01130,
    "type": "sell",
    "tid": "783602"
  },
  {
    "date": 1486503952,
    "date_ms": 1486503952499,
    "price": 1050.1200,
    "amount": 0.00330,
    "type": "buy",
    "tid": "783601"
  },
  {
    "date": 1486503907,
    "date_ms": 1486503907016,
    "price": 1050.0800,
    "amount": 0.01060,
    "type": "buy",
    "tid": "783599"
  },
  {
    "date": 1486503891,
    "date_ms": 1486503891891,
    "price": 1050.9600,
    "amount": 0.00260,
    "type": "sell",
    "tid": "783598"
  },
  {
    "date": 1486503854,
    "date_ms": 1486503854813,
    "price": 1051.3100,
    "amount": 0.00990,
    "type": "sell",
    "tid": "783596"
  },
  {
    "date": 1486503828,
    "date_ms": 1486503828064,
    "price": 1051.8000,
    "amount": 0.00190,
    "type": "sell",
    "tid": "783595"
  },
  {
    "date": 1486503801,
    "date_ms": 1486503801564,
    "price": 1050.5100,
    "amount": 0.00930,
    "type": "buy",
    "tid": "783594"
  },
  {
    "date": 1486503781,
    "date_ms": 1486503781893,
    "price": 1051.3900,
    "amount": 0.00120,
    "type": "sell",
    "tid": "783593"
  },
  {
    "date": 1486503752,
    "date_ms": 1486503752440,
    "price": 1050.2800,
    "amount": 0.00860,
    "type": "buy",
    "tid": "783592"
  },
  {
    "date": 1486503713,
    "date_ms": 1486503713175,
    "price": 1050.7300,
    "amount": 0.00790,
    "type": "buy",
    "tid": "783590"
  },
  {
    "date": 1486503673,
    "date_ms": 1486503673769,
    "price": 1050.6500,
    "amount": 0.01520,
    "type": "buy",
    "tid": "783589"
  },
  {
    "date": 1486503640,
    "date_ms": 1486503640270,
    "price": 1050.8900,
    "amount": 0.00720,
    "type": "sell",
    "tid": "783587"
  },
  {
    "date": 1486503601,
    "date_ms": 1486503601739,
    "price": 1051.1600,
    "amount": 0.01450,
    "type": "sell",
    "tid": "783586"
  },
  {
    "date": 1486503574,
    "date_ms": 1486503574990,
    "price": 1049.9400,
    "amount": 0.00650,
    "type": "buy",
    "tid": "783585"
  },
  {
    "date": 1486503541,
    "date_ms": 1486503541974,
    "price": 1050.2900,
    "amount": 0.01380,
    "type": "buy",
    "tid": "783583"
  },
  {
    "date": 1486503524,
    "date_ms": 1486503524318,
    "price": 1049.8200,
    "amount": 0.00580,
    "type": "buy",
    "tid": "783582"
  },
  {
    "date": 1486503498,
    "date_ms": 1486503498319,
    "price": 1051.1300,
    "amount": 0.01320,
    "type": "sell",
    "tid": "783580"
  },
  {
    "date": 1486503463,
    "date_ms": 1486503463085,
    "price": 1051.1200,
    "amount": 0.00510,
    "type": "sell",
    "tid": "783577"
  },
  {
    "date": 1486503423,
    "date_ms": 1486503423695,
    "price": 1050.9700,
    "amount": 0.01250,
    "type": "sell",
    "tid": "783575"
  },
  {
    "date": 1486503406,
    "date_ms": 1486503406805,
    "price": 1050.1800,
    "amount": 0.00440,
    "type": "buy",
    "tid": "783573"
  },
  {
    "date": 1486503346,
    "date_ms": 1486503346540,
    "price": 1050.3800,
    "amount": 0.03980,
    "type": "buy",
    "tid": "783570"
  },
  {
    "date": 1486503323,
    "date_ms": 1486503323681,
    "price": 1051.2600,
    "amount": 0.07910,
    "type": "sell",
    "tid": "783568"
  },
  {
    "date": 1486503306,
    "date_ms": 1486503306509,
    "price": 1051.6100,
    "amount": 0.03620,
    "type": "sell",
    "tid": "783566"
  },
  {
    "date": 1486503289,
    "date_ms": 1486503289306,
    "price": 1051.4300,
    "amount": 0.07540,
    "type": "sell",
    "tid": "783563"
  },
  {
    "date": 1486503248,
    "date_ms": 1486503248307,
    "price": 1051.0200,
    "amount": 0.03250,
    "type": "sell",
    "tid": "783561"
  },
  {
    "date": 1486503217,
    "date_ms": 1486503217823,
    "price": 1051.7000,
    "amount": 0.07170,
    "type": "sell",
    "tid": "783557"
  },
  {
    "date": 1486503185,
    "date_ms": 1486503185949,
    "price": 1050.4700,
    "amount": 0.02880,
    "type": "buy",
    "tid": "783555"
  },
  {
    "date": 1486503148,
    "date_ms": 1486503148293,
    "price": 1051.6700,
    "amount": 0.06800,
    "type": "sell",
    "tid": "783552"
  },
  {
    "date": 1486503108,
    "date_ms": 1486503108309,
    "price": 1050.6300,
    "amount": 0.02510,
    "type": "buy",
    "tid": "783550"
  },
  {
    "date": 1486503090,
    "date_ms": 1486503090044,
    "price": 1050.2300,
    "amount": 0.06430,
    "type": "buy",
    "tid": "783548"
  },
  {
    "date": 1486503054,
    "date_ms": 1486503054997,
    "price": 1051.2500,
    "amount": 0.02140,
    "type": "sell",
    "tid": "783546"
  },
  {
    "date": 1486503019,
    "date_ms": 1486503019498,
    "price": 1051.7800,
    "amount": 0.06060,
    "type": "sell",
    "tid": "783545"
  },
  {
    "date": 1486502995,
    "date_ms": 1486502995764,
    "price": 1050.3400,
    "amount": 0.01780,
    "type": "buy",
    "tid": "783543"
  },
  {
    "date": 1486502967,
    "date_ms": 1486502967405,
    "price": 1051.4500,
    "amount": 0.05700,
    "type": "sell",
    "tid": "783541"
  },
  {
    "date": 1486502944,
    "date_ms": 1486502944827,
    "price": 1050.5700,
    "amount": 0.01410,
    "type": "buy",
    "tid": "783539"
  },
  {
    "date": 1486502918,
    "date_ms": 1486502918515,
    "price": 1050.3600,
    "amount": 0.05330,
    "type": "buy",
    "tid": "783538"
  },
  {
    "date": 1486502882,
    "date_ms": 1486502882359,
    "price": 1051.4200,
    "amount": 0.01040,
    "type": "sell",
    "tid": "783534"
  },
  {
    "date": 1486502859,
    "date_ms": 1486502859719,
    "price": 1051.6600,
    "amount": 0.04960,
    "type": "sell",
    "tid": "783532"
  },
  {
    "date": 1486502833,
    "date_ms": 1486502833235,
    "price": 1051.4400,
    "amount": 0.00670,
    "type": "sell",
    "tid": "783530"
  },
  {
    "date": 1486502809,
    "date_ms": 1486502809111,
    "price": 1050.2200,
    "amount": 0.04590,
    "type": "buy",
    "tid": "783528"
  },
  {
    "date": 1486502771,
    "date_ms": 1486502771611,
    "price": 1051.3400,
    "amount": 0.00300,
    "type": "sell",
    "tid": "783524"
  },
  {
    "date": 1486502742,
    "date_ms": 1486502742705,
    "price": 1050.4200,
    "amount": 0.04220,
    "type": "buy",
    "tid": "783522"
  },
  {
    "date": 1486502706,
    "date_ms": 1486502706565,
    "price": 1050.8700,
    "amount": 0.08150,
    "type": "sell",
    "tid": "783520"
  },
  {
    "date": 1486502684,
    "date_ms": 1486502684909,
    "price": 1051.0300,
    "amount": 0.03860,
    "type": "sell",
    "tid": "783517"
  },
  {
    "date": 1486502647,
    "date_ms": 1486502647254,
    "price": 1051.5700,
    "amount": 0.07780,
    "type": "sell",
    "tid": "783515"
  },
  {
    "date": 1486502623,
    "date_ms": 1486502623770,
    "price": 1051.0500,
    "amount": 0.03490,
    "type": "sell",
    "tid": "783513"
  },
  {
    "date": 1486502598,
    "date_ms": 1486502598348,
    "price": 1050.6200,
    "amount": 0.07410,
    "type": "buy",
    "tid": "783512"
  },
  {
    "date": 1486502559,
    "date_ms": 1486502559614,
    "price": 1051.0400,
    "amount": 0.03120,
    "type": "sell",
    "tid": "783508"
  },
  {
    "date": 1486502529,
    "date_ms": 1486502529599,
    "price": 1051.3800,
    "amount": 0.07040,
    "type": "sell",
    "tid": "783506"
  },
  {
    "date": 1486502490,
    "date_ms": 1486502490365,
    "price": 1050.5500,
    "amount": 0.02750,
    "type": "buy",
    "tid": "783503"
  },
  {
    "date": 1486502463,
    "date_ms": 1486502463053,
    "price": 1051.0100,
    "amount": 0.06670,
    "type": "sell",
    "tid": "783501"
  },
  {
    "date": 1486502434,
    "date_ms": 1486502434944,
    "price": 1050.7800,
    "amount": 0.02380,
    "type": "buy",
    "tid": "783499"
  },
  {
    "date": 1486502398,
    "date_ms": 1486502398117,
    "price": 1051.4100,
    "amount": 0.06310,
    "type": "sell",
    "tid": "783497"
  },
  {
    "date": 1486502364,
    "date_ms": 1486502364633,
    "price": 1051.4800,
    "amount": 0.00120,
    "type": "sell",
    "tid": "783494"
  },
  {
    "date": 1486502288,
    "date_ms": 1486502288868,
    "price": 1051.3900,
    "amount": 0.00120,
    "type": "sell",
    "tid": "783490"
  },
  {
    "date": 1486502208,
    "date_ms": 1486502208448,
    "price": 1050.3600,
    "amount": 0.00110,
    "type": "buy",
    "tid": "783485"
  },
  {
    "date": 1486502165,
    "date_ms": 1486502165480,
    "price": 1050.0600,
    "amount": 0.00100,
    "type": "buy",
    "tid": "783482"
  },
  {
    "date": 1486502100,
    "date_ms": 1486502100684,
    "price": 1049.9000,
    "amount": 0.00100,
    "type": "buy",
    "tid": "783478"
  },
  {
    "date": 1486501783,
    "date_ms": 1486501783892,
    "price": 1049.9500,
    "amount": 0.00130,
    "type": "buy",
    "tid": "783463"
  },
  {
    "date": 1486501700,
    "date_ms": 1486501700502,
    "price": 1050.1100,
    "amount": 0.00130,
    "type": "buy",
    "tid": "783458"
  },
  {
    "date": 1486501638,
    "date_ms": 1486501638941,
    "price": 1050.3400,
    "amount": 0.00120,
    "type": "buy",
    "tid": "783454"
  },
  {
    "date": 1486501592,
    "date_ms": 1486501592832,
    "price": 1050.1500,
    "amount": 0.00110,
    "type": "buy",
    "tid": "783451"
  },
  {
    "date": 1486501519,
    "date_ms": 1486501519083,
    "price": 1049.8700,
    "amount": 0.00110,
    "type": "buy",
    "tid": "783448"
  },
  {
    "date": 1486501462,
    "date_ms": 1486501462272,
    "price": 1049.9600,
    "amount": 0.00100,
    "type": "buy",
    "tid": "783446"
  },
  {
    "date": 1486501382,
    "date_ms": 1486501382164,
    "price": 1050.8000,
    "amount": 0.00160,
    "type": "buy",
    "tid": "783444"
  },
  {
    "date": 1486501355,
    "date_ms": 1486501355461,
    "price": 1050.8200,
    "amount": 0.00330,
    "type": "buy",
    "tid": "783443"
  },
  {
    "date": 1486501316,
    "date_ms": 1486501316711,
    "price": 1050.4600,
    "amount": 0.00140,
    "type": "buy",
    "tid": "783441"
  },
  {
    "date": 1486501299,
    "date_ms": 1486501299102,
    "price": 1051.0200,
    "amount": 0.00310,
    "type": "sell",
    "tid": "783440"
  },
  {
    "date": 1486501269,
    "date_ms": 1486501269837,
    "price": 1051.6200,
    "amount": 0.00120,
    "type": "sell",
    "tid": "783438"
  },
  {
    "date": 1486501239,
    "date_ms": 1486501239525,
    "price": 1051.1800,
    "amount": 0.00300,
    "type": "sell",
    "tid": "783437"
  },
  {
    "date": 1486501220,
    "date_ms": 1486501220510,
    "price": 1050.1500,
    "amount": 0.00110,
    "type": "buy",
    "tid": "783436"
  },
  {
    "date": 1486501181,
    "date_ms": 1486501181854,
    "price": 1050.9200,
    "amount": 0.00280,
    "type": "sell",
    "tid": "783434"
  },
  {
    "date": 1486501140,
    "date_ms": 1486501140495,
    "price": 1051.1200,
    "amount": 0.00260,
    "type": "sell",
    "tid": "783433"
  },
  {
    "date": 1486501089,
    "date_ms": 1486501089137,
    "price": 1050.9600,
    "amount": 0.00250,
    "type": "sell",
    "tid": "783431"
  },
  {
    "date": 1486501025,
    "date_ms": 1486501025685,
    "price": 1050.7500,
    "amount": 0.00230,
    "type": "buy",
    "tid": "783430"
  },
  {
    "date": 1486500967,
    "date_ms": 1486500967623,
    "price": 1051.2900,
    "amount": 0.00220,
    "type": "sell",
    "tid": "783428"
  },
  {
    "date": 1486500903,
    "date_ms": 1486500903030,
    "price": 1050.5800,
    "amount": 0.00200,
    "type": "buy",
    "tid": "783426"
  },
  {
    "date": 1486500849,
    "date_ms": 1486500849312,
    "price": 1050.1100,
    "amount": 0.00180,
    "type": "buy",
    "tid": "783424"
  },
  {
    "date": 1486500824,
    "date_ms": 1486500824125,
    "price": 1051.6200,
    "amount": 0.00360,
    "type": "sell",
    "tid": "783423"
  },
  {
    "date": 1486500804,
    "date_ms": 1486500804922,
    "price": 1051.5500,
    "amount": 0.00170,
    "type": "sell",
    "tid": "783422"
  },
  {
    "date": 1486500763,
    "date_ms": 1486500763970,
    "price": 1050.9800,
    "amount": 0.00340,
    "type": "sell",
    "tid": "783420"
  },
  {
    "date": 1486500729,
    "date_ms": 1486500729720,
    "price": 1050.9100,
    "amount": 0.00150,
    "type": "sell",
    "tid": "783419"
  },
  {
    "date": 1486500684,
    "date_ms": 1486500684784,
    "price": 1051.2700,
    "amount": 0.00320,
    "type": "sell",
    "tid": "783417"
  },
  {
    "date": 1486500643,
    "date_ms": 1486500643987,
    "price": 1050.2800,
    "amount": 0.00130,
    "type": "buy",
    "tid": "783416"
  },
  {
    "date": 1486500618,
    "date_ms": 1486500618285,
    "price": 1050.2800,
    "amount": 0.00310,
    "type": "buy",
    "tid": "783415"
  },
  {
    "date": 1486500587,
    "date_ms": 1486500587941,
    "price": 1050.5000,
    "amount": 0.00120,
    "type": "buy",
    "tid": "783413"
  },
  {
    "date": 1486500566,
    "date_ms": 1486500566473,
    "price": 1049.9900,
    "amount": 0.00290,
    "type": "buy",
    "tid": "783412"
  },
  {
    "date": 1486500541,
    "date_ms": 1486500541458,
    "price": 1051.4500,
    "amount": 0.00100,
    "type": "sell",
    "tid": "783411"
  },
  {
    "date": 1486500506,
    "date_ms": 1486500506396,
    "price": 1049.9300,
    "amount": 0.00280,
    "type": "buy",
    "tid": "783408"
  },
  {
    "date": 1486500443,
    "date_ms": 1486500443897,
    "price": 1051.2600,
    "amount": 0.00260,
    "type": "sell",
    "tid": "783405"
  },
  {
    "date": 1486500415,
    "date_ms": 1486500415366,
    "price": 1050.6100,
    "amount": 0.03050,
    "type": "buy",
    "tid": "783404"
  },
  {
    "date": 1486500395,
    "date_ms": 1486500395569,
    "price": 1051.3600,
    "amount": 0.06360,
    "type": "sell",
    "tid": "783402"
  },
  {
    "date": 1486500367,
    "date_ms": 1486500367210,
    "price": 1050.5300,
    "amount": 0.02740,
    "type": "buy",
    "tid": "783401"
  },
  {
    "date": 1486500322,
    "date_ms": 1486500322008,
    "price": 1051.2700,
    "amount": 0.06050,
    "type": "sell",
    "tid": "783398"
  },
  {
    "date": 1486500295,
    "date_ms": 1486500295524,
    "price": 1050.2200,
    "amount": 0.02430,
    "type": "buy",
    "tid": "783396"
  },
  {
    "date": 1486500255,
    "date_ms": 1486500255040,
    "price": 1051.6600,
    "amount": 0.05740,
    "type": "sell",
    "tid": "783394"
  },
  {
    "date": 1486500234,
    "date_ms": 1486500234400,
    "price": 1051.2000,
    "amount": 0.02120,
    "type": "sell",
    "tid": "783393"
  },
  {
    "date": 1486500207,
    "date_ms": 1486500207510,
    "price": 1050.9800,
    "amount": 0.05430,
    "type": "sell",
    "tid": "783391"
  },
  {
    "date": 1486500178,
    "date_ms": 1486500178854,
    "price": 1051.7800,
    "amount": 0.01810,
    "type": "sell",
    "tid": "783388"
  },
  {
    "date": 1486500155,
    "date_ms": 1486500155635,
    "price": 1050.0600,
    "amount": 0.05120,
    "type": "buy",
    "tid": "783387"
  },
  {
    "date": 1486500134,
    "date_ms": 1486500134417,
    "price": 1051.5200,
    "amount": 0.01500,
    "type": "sell",
    "tid": "783386"
  },
  {
    "date": 1486500099,
    "date_ms": 1486500099339,
    "price": 1050.8600,
    "amount": 0.04810,
    "type": "sell",
    "tid": "783385"
  },
  {
    "date": 1486500084,
    "date_ms": 1486500084496,
    "price": 1050.3500,
    "amount": 0.01190,
    "type": "buy",
    "tid": "783382"
  },
  {
    "date": 1486500053,
    "date_ms": 1486500053543,
    "price": 1050.8000,
    "amount": 0.04500,
    "type": "buy",
    "tid": "783381"
  },
  {
    "date": 1486500027,
    "date_ms": 1486500027434,
    "price": 1050.3400,
    "amount": 0.00880,
    "type": "buy",
    "tid": "783380"
  },
  {
    "date": 1486499989,
    "date_ms": 1486499989357,
    "price": 1050.0800,
    "amount": 0.04190,
    "type": "buy",
    "tid": "783377"
  },
  {
    "date": 1486499965,
    "date_ms": 1486499965529,
    "price": 1051.4600,
    "amount": 0.00560,
    "type": "sell",
    "tid": "783375"
  },
  {
    "date": 1486499938,
    "date_ms": 1486499938436,
    "price": 1049.9800,
    "amount": 0.03870,
    "type": "buy",
    "tid": "783374"
  },
  {
    "date": 1486499904,
    "date_ms": 1486499904155,
    "price": 1049.8700,
    "amount": 0.00250,
    "type": "buy",
    "tid": "783371"
  },
  {
    "date": 1486499886,
    "date_ms": 1486499886796,
    "price": 1051.3900,
    "amount": 0.03560,
    "type": "sell",
    "tid": "783370"
  },
  {
    "date": 1486499867,
    "date_ms": 1486499867530,
    "price": 1051.7800,
    "amount": 0.06880,
    "type": "sell",
    "tid": "783369"
  },
  {
    "date": 1486499839,
    "date_ms": 1486499839890,
    "price": 1051.4200,
    "amount": 0.03260,
    "type": "sell",
    "tid": "783367"
  },
  {
    "date": 1486499820,
    "date_ms": 1486499820203,
    "price": 1050.5800,
    "amount": 0.06570,
    "type": "buy",
    "tid": "783365"
  },
  {
    "date": 1486499773,
    "date_ms": 1486499773719,
    "price": 1051.5300,
    "amount": 0.02940,
    "type": "sell",
    "tid": "783364"
  },
  {
    "date": 1486499738,
    "date_ms": 1486499738767,
    "price": 1050.9100,
    "amount": 0.06250,
    "type": "sell",
    "tid": "783361"
  },
  {
    "date": 1486499710,
    "date_ms": 1486499710830,
    "price": 1049.8300,
    "amount": 0.02630,
    "type": "buy",
    "tid": "783359"
  },
  {
    "date": 1486499678,
    "date_ms": 1486499678861,
    "price": 1050.3200,
    "amount": 0.05940,
    "type": "buy",
    "tid": "783358"
  },
  {
    "date": 1486499646,
    "date_ms": 1486499646831,
    "price": 1050.9200,
    "amount": 0.02320,
    "type": "sell",
    "tid": "783356"
  },
  {
    "date": 1486499613,
    "date_ms": 1486499613315,
    "price": 1050.2300,
    "amount": 0.05630,
    "type": "buy",
    "tid": "783353"
  },
  {
    "date": 1486499593,
    "date_ms": 1486499593847,
    "price": 1051.3300,
    "amount": 0.02010,
    "type": "sell",
    "tid": "783352"
  },
  {
    "date": 1486499552,
    "date_ms": 1486499552160,
    "price": 1050.9200,
    "amount": 0.05320,
    "type": "sell",
    "tid": "783349"
  },
  {
    "date": 1486499520,
    "date_ms": 1486499520832,
    "price": 1051.6900,
    "amount": 0.01700,
    "type": "sell",
    "tid": "783346"
  },
  {
    "date": 1486499495,
    "date_ms": 1486499495333,
    "price": 1050.8300,
    "amount": 0.05010,
    "type": "sell",
    "tid": "783344"
  },
  {
    "date": 1486499455,
    "date_ms": 1486499455130,
    "price": 1050.3800,
    "amount": 0.01390,
    "type": "buy",
    "tid": "783342"
  },
  {
    "date": 1486499436,
    "date_ms": 1486499436099,
    "price": 1050.9100,
    "amount": 0.04490,
    "type": "sell",
    "tid": "783339"
  },
  {
    "date": 1486499392,
    "date_ms": 1486499392163,
    "price": 1051.5400,
    "amount": 0.09350,
    "type": "sell",
    "tid": "783337"
  },
  {
    "date": 1486499366,
    "date_ms": 1486499366632,
    "price": 1050.6800,
    "amount": 0.04030,
    "type": "buy",
    "tid": "783335"
  },
  {
    "date": 1486499341,
    "date_ms": 1486499341054,
    "price": 1050.9900,
    "amount": 0.08890,
    "type": "sell",
    "tid": "783332"
  },
  {
    "date": 1486499315,
    "date_ms": 1486499315070,
    "price": 1050.9800,
    "amount": 0.03570,
    "type": "sell",
    "tid": "783330"
  },
  {
    "date": 1486499286,
    "date_ms": 1486499286820,
    "price": 1051.0700,
    "amount": 0.08430,
    "type": "sell",
    "tid": "783327"
  },
  {
    "date": 1486499257,
    "date_ms": 1486499257274,
    "price": 1051.2400,
    "amount": 0.03110,
    "type": "sell",
    "tid": "783324"
  },
  {
    "date": 1486499224,
    "date_ms": 1486499224228,
    "price": 1051.0900,
    "amount": 0.07970,
    "type": "sell",
    "tid": "783322"
  },
  {
    "date": 1486499197,
    "date_ms": 1486499197056,
    "price": 1050.9000,
    "amount": 0.02650,
    "type": "sell",
    "tid": "783320"
  },
  {
    "date": 1486499166,
    "date_ms": 1486499166760,
    "price": 1049.9700,
    "amount": 0.07510,
    "type": "buy",
    "tid": "783318"
  },
  {
    "date": 1486499129,
    "date_ms": 1486499129979,
    "price": 1050.9200,
    "amount": 0.02210,
    "type": "sell",
    "tid": "783316"
  },
  {
    "date": 1486499114,
    "date_ms": 1486499114526,
    "price": 1050.2600,
    "amount": 0.07070,
    "type": "buy",
    "tid": "783315"
  },
  {
    "date": 1486499097,
    "date_ms": 1486499097323,
    "price": 1051.6100,
    "amount": 0.01750,
    "type": "sell",
    "tid": "783312"
  },
  {
    "date": 1486499065,
    "date_ms": 1486499065230,
    "price": 1050.9600,
    "amount": 0.06610,
    "type": "sell",
    "tid": "783311"
  },
  {
    "date": 1486499035,
    "date_ms": 1486499035902,
    "price": 1050.5200,
    "amount": 0.01290,
    "type": "buy",
    "tid": "783309"
  },
  {
    "date": 1486499009,
    "date_ms": 1486499009997,
    "price": 1050.5800,
    "amount": 0.06150,
    "type": "buy",
    "tid": "783307"
  },
  {
    "date": 1486498992,
    "date_ms": 1486498992512,
    "price": 1050.8300,
    "amount": 0.00830,
    "type": "sell",
    "tid": "783305"
  },
  {
    "date": 1486498956,
    "date_ms": 1486498956857,
    "price": 1051.5300,
    "amount": 0.05690,
    "type": "sell",
    "tid": "783302"
  },
  {
    "date": 1486498937,
    "date_ms": 1486498937685,
    "price": 1051.1700,
    "amount": 0.00370,
    "type": "sell",
    "tid": "783300"
  },
  {
    "date": 1486498903,
    "date_ms": 1486498903889,
    "price": 1050.0800,
    "amount": 0.05230,
    "type": "buy",
    "tid": "783297"
  },
  {
    "date": 1486498876,
    "date_ms": 1486498876030,
    "price": 1049.8600,
    "amount": 0.10100,
    "type": "buy",
    "tid": "783295"
  },
  {
    "date": 1486498836,
    "date_ms": 1486498836984,
    "price": 1050.2000,
    "amount": 0.04780,
    "type": "buy",
    "tid": "783292"
  },
  {
    "date": 1486498815,
    "date_ms": 1486498815046,
    "price": 1050.5900,
    "amount": 0.09640,
    "type": "buy",
    "tid": "783291"
  },
  {
    "date": 1486498783,
    "date_ms": 1486498783625,
    "price": 1051.6900,
    "amount": 0.04330,
    "type": "sell",
    "tid": "783288"
  },
  {
    "date": 1486498764,
    "date_ms": 1486498764500,
    "price": 1050.0000,
    "amount": 0.09190,
    "type": "buy",
    "tid": "783286"
  },
  {
    "date": 1486498733,
    "date_ms": 1486498733501,
    "price": 1050.6000,
    "amount": 0.03870,
    "type": "buy",
    "tid": "783284"
  },
  {
    "date": 1486498711,
    "date_ms": 1486498711220,
    "price": 1050.2700,
    "amount": 0.08730,
    "type": "buy",
    "tid": "783282"
  },
  {
    "date": 1486498683,
    "date_ms": 1486498683142,
    "price": 1051.6500,
    "amount": 0.03410,
    "type": "sell",
    "tid": "783280"
  },
  {
    "date": 1486498643,
    "date_ms": 1486498643986,
    "price": 1050.3500,
    "amount": 0.08270,
    "type": "buy",
    "tid": "783277"
  },
  {
    "date": 1486498602,
    "date_ms": 1486498602253,
    "price": 1050.2600,
    "amount": 0.02950,
    "type": "buy",
    "tid": "783274"
  },
  {
    "date": 1486498573,
    "date_ms": 1486498573753,
    "price": 1050.3600,
    "amount": 0.07820,
    "type": "buy",
    "tid": "783271"
  },
  {
    "date": 1486498539,
    "date_ms": 1486498539910,
    "price": 1051.6000,
    "amount": 0.02500,
    "type": "sell",
    "tid": "783268"
  },
  {
    "date": 1486498504,
    "date_ms": 1486498504379,
    "price": 1050.4500,
    "amount": 0.07360,
    "type": "buy",
    "tid": "783265"
  },
  {
    "date": 1486498484,
    "date_ms": 1486498484286,
    "price": 1049.9000,
    "amount": 0.02040,
    "type": "buy",
    "tid": "783264"
  },
  {
    "date": 1486498467,
    "date_ms": 1486498467786,
    "price": 1049.9300,
    "amount": 0.06900,
    "type": "buy",
    "tid": "783261"
  },
  {
    "date": 1486498439,
    "date_ms": 1486498439755,
    "price": 1051.2400,
    "amount": 0.04380,
    "type": "sell",
    "tid": "783258"
  },
  {
    "date": 1486498424,
    "date_ms": 1486498424130,
    "price": 1050.1700,
    "amount": 0.01890,
    "type": "buy",
    "tid": "783257"
  },
  {
    "date": 1486498397,
    "date_ms": 1486498397037,
    "price": 1051.7300,
    "amount": 0.04170,
    "type": "sell",
    "tid": "783255"
  },
  {
    "date": 1486498357,
    "date_ms": 1486498357772,
    "price": 1050.6400,
    "amount": 0.01670,
    "type": "buy",
    "tid": "783252"
  },
  {
    "date": 1486498338,
    "date_ms": 1486498338038,
    "price": 1050.0300,
    "amount": 0.03950,
    "type": "buy",
    "tid": "783251"
  },
  {
    "date": 1486498292,
    "date_ms": 1486498292867,
    "price": 1051.1500,
    "amount": 0.01460,
    "type": "sell",
    "tid": "783247"
  },
  {
    "date": 1486498274,
    "date_ms": 1486498274648,
    "price": 1050.9000,
    "amount": 0.03740,
    "type": "sell",
    "tid": "783245"
  },
  {
    "date": 1486498254,
    "date_ms": 1486498254039,
    "price": 1050.1800,
    "amount": 0.01240,
    "type": "buy",
    "tid": "783243"
  },
  {
    "date": 1486498215,
    "date_ms": 1486498215962,
    "price": 1049.9500,
    "amount": 0.03520,
    "type": "buy",
    "tid": "783242"
  },
  {
    "date": 1486498192,
    "date_ms": 1486498192509,
    "price": 1050.1900,
    "amount": 0.01030,
    "type": "buy",
    "tid": "783239"
  },
  {
    "date": 1486498165,
    "date_ms": 1486498165337,
    "price": 1050.3600,
    "amount": 0.03310,
    "type": "buy",
    "tid": "783237"
  },
  {
    "date": 1486498137,
    "date_ms": 1486498137619,
    "price": 1050.3900,
    "amount": 0.00820,
    "type": "buy",
    "tid": "783235"
  },
  {
    "date": 1486498104,
    "date_ms": 1486498104635,
    "price": 1051.5500,
    "amount": 0.03100,
    "type": "sell",
    "tid": "783232"
  },
  {
    "date": 1486498088,
    "date_ms": 1486498088917,
    "price": 1050.1900,
    "amount": 0.00600,
    "type": "buy",
    "tid": "783231"
  },
  {
    "date": 1486498067,
    "date_ms": 1486498067151,
    "price": 1050.5000,
    "amount": 0.02880,
    "type": "buy",
    "tid": "783229"
  },
  {
    "date": 1486498042,
    "date_ms": 1486498042324,
    "price": 1050.3500,
    "amount": 0.00390,
    "type": "buy",
    "tid": "783226"
  },
  {
    "date": 1486498001,
    "date_ms": 1486498001043,
    "price": 1050.1600,
    "amount": 0.02670,
    "type": "buy",
    "tid": "783224"
  },
  {
    "date": 1486497960,
    "date_ms": 1486497960950,
    "price": 1049.8900,
    "amount": 0.00170,
    "type": "buy",
    "tid": "783221"
  },
  {
    "date": 1486497922,
    "date_ms": 1486497922857,
    "price": 1049.9900,
    "amount": 0.02450,
    "type": "buy",
    "tid": "783219"
  },
  {
    "date": 1486497883,
    "date_ms": 1486497883170,
    "price": 1051.3700,
    "amount": 0.04740,
    "type": "sell",
    "tid": "783216"
  },
  {
    "date": 1486497861,
    "date_ms": 1486497861686,
    "price": 1051.3200,
    "amount": 0.02240,
    "type": "sell",
    "tid": "783213"
  },
  {
    "date": 1486497835,
    "date_ms": 1486497835921,
    "price": 1051.1800,
    "amount": 0.04520,
    "type": "sell",
    "tid": "783211"
  },
  {
    "date": 1486497803,
    "date_ms": 1486497803593,
    "price": 1050.7300,
    "amount": 0.02030,
    "type": "buy",
    "tid": "783209"
  },
  {
    "date": 1486497772,
    "date_ms": 1486497772625,
    "price": 1051.4400,
    "amount": 0.04310,
    "type": "sell",
    "tid": "783207"
  },
  {
    "date": 1486497757,
    "date_ms": 1486497757625,
    "price": 1050.8300,
    "amount": 0.01810,
    "type": "sell",
    "tid": "783204"
  },
  {
    "date": 1486497730,
    "date_ms": 1486497730813,
    "price": 1049.9600,
    "amount": 0.04090,
    "type": "buy",
    "tid": "783203"
  },
  {
    "date": 1486497714,
    "date_ms": 1486497714047,
    "price": 1051.6000,
    "amount": 0.01600,
    "type": "sell",
    "tid": "783201"
  },
  {
    "date": 1486497694,
    "date_ms": 1486497694938,
    "price": 1050.3400,
    "amount": 0.03880,
    "type": "buy",
    "tid": "783200"
  },
  {
    "date": 1486497663,
    "date_ms": 1486497663798,
    "price": 1051.2900,
    "amount": 0.01380,
    "type": "sell",
    "tid": "783198"
  },
  {
    "date": 1486497625,
    "date_ms": 1486497625346,
    "price": 1050.9200,
    "amount": 0.03670,
    "type": "sell",
    "tid": "783195"
  },
  {
    "date": 1486497581,
    "date_ms": 1486497581971,
    "price": 1050.5100,
    "amount": 0.01170,
    "type": "buy",
    "tid": "783191"
  },
  {
    "date": 1486497560,
    "date_ms": 1486497560925,
    "price": 1050.3900,
    "amount": 0.03450,
    "type": "buy",
    "tid": "783189"
  },
  {
    "date": 1486497540,
    "date_ms": 1486497540738,
    "price": 1050.9600,
    "amount": 0.00960,
    "type": "sell",
    "tid": "783187"
  },
  {
    "date": 1486497514,
    "date_ms": 1486497514582,
    "price": 1051.7400,
    "amount": 0.03240,
    "type": "sell",
    "tid": "783185"
  },
  {
    "date": 1486497480,
    "date_ms": 1486497480676,
    "price": 1050.5900,
    "amount": 0.00740,
    "type": "buy",
    "tid": "783183"
  },
  {
    "date": 1486497454,
    "date_ms": 1486497454739,
    "price": 1051.4300,
    "amount": 0.00350,
    "type": "sell",
    "tid": "783180"
  },
  {
    "date": 1486497431,
    "date_ms": 1486497431364,
    "price": 1049.9600,
    "amount": 0.00770,
    "type": "buy",
    "tid": "783177"
  },
  {
    "date": 1486497392,
    "date_ms": 1486497392927,
    "price": 1051.5900,
    "amount": 0.00310,
    "type": "sell",
    "tid": "783175"
  },
  {
    "date": 1486497356,
    "date_ms": 1486497356506,
    "price": 1051.6500,
    "amount": 0.00730,
    "type": "sell",
    "tid": "783171"
  },
  {
    "date": 1486497309,
    "date_ms": 1486497309819,
    "price": 1051.2700,
    "amount": 0.00270,
    "type": "sell",
    "tid": "783169"
  },
  {
    "date": 1486497286,
    "date_ms": 1486497286210,
    "price": 1050.2400,
    "amount": 0.00690,
    "type": "buy",
    "tid": "783167"
  },
  {
    "date": 1486497260,
    "date_ms": 1486497260633,
    "price": 1050.6900,
    "amount": 0.00230,
    "type": "buy",
    "tid": "783165"
  },
  {
    "date": 1486497226,
    "date_ms": 1486497226352,
    "price": 1050.3500,
    "amount": 0.00650,
    "type": "buy",
    "tid": "783163"
  },
  {
    "date": 1486497200,
    "date_ms": 1486497200883,
    "price": 1049.8800,
    "amount": 0.00190,
    "type": "buy",
    "tid": "783162"
  },
  {
    "date": 1486497167,
    "date_ms": 1486497167212,
    "price": 1050.6200,
    "amount": 0.00610,
    "type": "buy",
    "tid": "783158"
  },
  {
    "date": 1486497152,
    "date_ms": 1486497152369,
    "price": 1051.1900,
    "amount": 0.00150,
    "type": "sell",
    "tid": "783156"
  },
  {
    "date": 1486497135,
    "date_ms": 1486497135134,
    "price": 1049.9700,
    "amount": 0.00570,
    "type": "buy",
    "tid": "783155"
  },
  {
    "date": 1486497094,
    "date_ms": 1486497094260,
    "price": 1049.9100,
    "amount": 0.00110,
    "type": "buy",
    "tid": "783152"
  },
  {
    "date": 1486497072,
    "date_ms": 1486497072838,
    "price": 1050.6600,
    "amount": 0.00530,
    "type": "buy",
    "tid": "783149"
  },
  {
    "date": 1486497017,
    "date_ms": 1486497017386,
    "price": 1051.1000,
    "amount": 0.00490,
    "type": "sell",
    "tid": "783147"
  },
  {
    "date": 1486496963,
    "date_ms": 1486496963325,
    "price": 1050.3800,
    "amount": 0.00450,
    "type": "buy",
    "tid": "783143"
  },
  {
    "date": 1486496921,
    "date_ms": 1486496921028,
    "price": 1050.7000,
    "amount": 0.00880,
    "type": "buy",
    "tid": "783141"
  },
  {
    "date": 1486496897,
    "date_ms": 1486496897591,
    "price": 1050.7700,
    "amount": 0.00410,
    "type": "buy",
    "tid": "783139"
  },
  {
    "date": 1486496879,
    "date_ms": 1486496879279,
    "price": 1050.3700,
    "amount": 0.00840,
    "type": "buy",
    "tid": "783137"
  },
  {
    "date": 1486496844,
    "date_ms": 1486496844811,
    "price": 1051.6600,
    "amount": 0.00370,
    "type": "sell",
    "tid": "783135"
  },
  {
    "date": 1486496804,
    "date_ms": 1486496804155,
    "price": 1050.8300,
    "amount": 0.00800,
    "type": "sell",
    "tid": "783131"
  },
  {
    "date": 1486496779,
    "date_ms": 1486496779843,
    "price": 1049.9700,
    "amount": 0.00330,
    "type": "buy",
    "tid": "783129"
  },
  {
    "date": 1486496751,
    "date_ms": 1486496751453,
    "price": 1050.8300,
    "amount": 0.00760,
    "type": "sell",
    "tid": "783127"
  },
  {
    "date": 1486496707,
    "date_ms": 1486496707360,
    "price": 1050.8200,
    "amount": 0.00290,
    "type": "buy",
    "tid": "783123"
  },
  {
    "date": 1486496691,
    "date_ms": 1486496691891,
    "price": 1050.6100,
    "amount": 0.00720,
    "type": "buy",
    "tid": "783122"
  },
  {
    "date": 1486496671,
    "date_ms": 1486496671032,
    "price": 1050.1700,
    "amount": 0.00250,
    "type": "buy",
    "tid": "783120"
  },
  {
    "date": 1486496649,
    "date_ms": 1486496649579,
    "price": 1049.8200,
    "amount": 0.00680,
    "type": "buy",
    "tid": "783118"
  },
  {
    "date": 1486496609,
    "date_ms": 1486496609783,
    "price": 1051.4200,
    "amount": 0.00210,
    "type": "sell",
    "tid": "783116"
  },
  {
    "date": 1486496583,
    "date_ms": 1486496583893,
    "price": 1050.2800,
    "amount": 0.00640,
    "type": "buy",
    "tid": "783114"
  },
  {
    "date": 1486496566,
    "date_ms": 1486496566112,
    "price": 1050.1700,
    "amount": 0.00170,
    "type": "buy",
    "tid": "783112"
  },
  {
    "date": 1486496548,
    "date_ms": 1486496548237,
    "price": 1050.9600,
    "amount": 0.00600,
    "type": "sell",
    "tid": "783111"
  },
  {
    "date": 1486496527,
    "date_ms": 1486496527737,
    "price": 1049.9600,
    "amount": 0.00130,
    "type": "buy",
    "tid": "783108"
  },
  {
    "date": 1486496487,
    "date_ms": 1486496487738,
    "price": 1050.6700,
    "amount": 0.00560,
    "type": "buy",
    "tid": "783105"
  },
  {
    "date": 1486496468,
    "date_ms": 1486496468051,
    "price": 1050.7700,
    "amount": 0.04200,
    "type": "buy",
    "tid": "783104"
  },
  {
    "date": 1486496438,
    "date_ms": 1486496438333,
    "price": 1050.9800,
    "amount": 0.01400,
    "type": "sell",
    "tid": "783101"
  },
  {
    "date": 1486496395,
    "date_ms": 1486496395224,
    "price": 1049.8400,
    "amount": 0.03960,
    "type": "buy",
    "tid": "783099"
  },
  {
    "date": 1486496373,
    "date_ms": 1486496373896,
    "price": 1050.7300,
    "amount": 0.01160,
    "type": "buy",
    "tid": "783097"
  },
  {
    "date": 1486496348,
    "date_ms": 1486496348787,
    "price": 1050.8000,
    "amount": 0.03720,
    "type": "buy",
    "tid": "783095"
  },
  {
    "date": 1486496315,
    "date_ms": 1486496315975,
    "price": 1050.7300,
    "amount": 0.00920,
    "type": "buy",
    "tid": "783094"
  },
  {
    "date": 1486496281,
    "date_ms": 1486496281101,
    "price": 1051.1900,
    "amount": 0.03480,
    "type": "sell",
    "tid": "783091"
  },
  {
    "date": 1486496243,
    "date_ms": 1486496243539,
    "price": 1051.4000,
    "amount": 0.00680,
    "type": "sell",
    "tid": "783089"
  },
  {
    "date": 1486496204,
    "date_ms": 1486496204258,
    "price": 1051.2600,
    "amount": 0.03240,
    "type": "sell",
    "tid": "783087"
  },
  {
    "date": 1486496184,
    "date_ms": 1486496184836,
    "price": 1049.8600,
    "amount": 0.00440,
    "type": "buy",
    "tid": "783085"
  },
  {
    "date": 1486496146,
    "date_ms": 1486496146212,
    "price": 1050.8200,
    "amount": 0.02990,
    "type": "buy",
    "tid": "783082"
  },
  {
    "date": 1486496114,
    "date_ms": 1486496114478,
    "price": 1051.2100,
    "amount": 0.00190,
    "type": "sell",
    "tid": "783079"
  },
  {
    "date": 1486496078,
    "date_ms": 1486496078869,
    "price": 1050.2100,
    "amount": 0.02750,
    "type": "buy",
    "tid": "783077"
  },
  {
    "date": 1486496046,
    "date_ms": 1486496046823,
    "price": 1050.8200,
    "amount": 0.05320,
    "type": "buy",
    "tid": "783073"
  },
  {
    "date": 1486496019,
    "date_ms": 1486496019042,
    "price": 1051.3100,
    "amount": 0.02520,
    "type": "sell",
    "tid": "783071"
  },
  {
    "date": 1486495996,
    "date_ms": 1486495996995,
    "price": 1050.8200,
    "amount": 0.05080,
    "type": "buy",
    "tid": "783069"
  },
  {
    "date": 1486495953,
    "date_ms": 1486495953293,
    "price": 1050.8100,
    "amount": 0.02280,
    "type": "buy",
    "tid": "783067"
  },
  {
    "date": 1486495932,
    "date_ms": 1486495932981,
    "price": 1049.9200,
    "amount": 0.04840,
    "type": "buy",
    "tid": "783065"
  },
  {
    "date": 1486495905,
    "date_ms": 1486495905059,
    "price": 1051.2100,
    "amount": 0.02030,
    "type": "sell",
    "tid": "783063"
  },
  {
    "date": 1486495864,
    "date_ms": 1486495864029,
    "price": 1050.5600,
    "amount": 0.04590,
    "type": "buy",
    "tid": "783059"
  },
  {
    "date": 1486495839,
    "date_ms": 1486495839795,
    "price": 1049.8400,
    "amount": 0.01790,
    "type": "buy",
    "tid": "783058"
  },
  {
    "date": 1486495812,
    "date_ms": 1486495812248,
    "price": 1050.9500,
    "amount": 0.04350,
    "type": "sell",
    "tid": "783057"
  },
  {
    "date": 1486495782,
    "date_ms": 1486495782421,
    "price": 1050.2600,
    "amount": 0.01550,
    "type": "buy",
    "tid": "783055"
  },
  {
    "date": 1486495743,
    "date_ms": 1486495743749,
    "price": 1051.4400,
    "amount": 0.04120,
    "type": "sell",
    "tid": "783053"
  },
  {
    "date": 1486495701,
    "date_ms": 1486495701062,
    "price": 1051.2200,
    "amount": 0.01320,
    "type": "sell",
    "tid": "783051"
  },
  {
    "date": 1486495664,
    "date_ms": 1486495664954,
    "price": 1050.2300,
    "amount": 0.03870,
    "type": "buy",
    "tid": "783048"
  },
  {
    "date": 1486495645,
    "date_ms": 1486495645595,
    "price": 1051.7200,
    "amount": 0.01070,
    "type": "sell",
    "tid": "783047"
  },
  {
    "date": 1486495608,
    "date_ms": 1486495608111,
    "price": 1051.1200,
    "amount": 0.03630,
    "type": "sell",
    "tid": "783043"
  },
  {
    "date": 1486495580,
    "date_ms": 1486495580658,
    "price": 1049.9700,
    "amount": 0.00830,
    "type": "buy",
    "tid": "783042"
  },
  {
    "date": 1486495533,
    "date_ms": 1486495533690,
    "price": 1050.2200,
    "amount": 0.03390,
    "type": "buy",
    "tid": "783039"
  },
  {
    "date": 1486495511,
    "date_ms": 1486495511784,
    "price": 1051.6700,
    "amount": 0.00590,
    "type": "sell",
    "tid": "783037"
  },
  {
    "date": 1486495484,
    "date_ms": 1486495484331,
    "price": 1051.6600,
    "amount": 0.01240,
    "type": "sell",
    "tid": "783035"
  },
  {
    "date": 1486495444,
    "date_ms": 1486495444613,
    "price": 1050.1700,
    "amount": 0.03180,
    "type": "buy",
    "tid": "783032"
  },
  {
    "date": 1486495398,
    "date_ms": 1486495398692,
    "price": 1051.2800,
    "amount": 0.01060,
    "type": "sell",
    "tid": "783029"
  },
  {
    "date": 1486495382,
    "date_ms": 1486495382911,
    "price": 1050.2000,
    "amount": 0.03000,
    "type": "buy",
    "tid": "783027"
  },
  {
    "date": 1486495368,
    "date_ms": 1486495368802,
    "price": 1051.6500,
    "amount": 0.00880,
    "type": "sell",
    "tid": "783026"
  },
  {
    "date": 1486495335,
    "date_ms": 1486495335193,
    "price": 1050.2300,
    "amount": 0.02820,
    "type": "buy",
    "tid": "783022"
  },
  {
    "date": 1486495302,
    "date_ms": 1486495302678,
    "price": 1049.9600,
    "amount": 0.00690,
    "type": "buy",
    "tid": "783021"
  },
  {
    "date": 1486495283,
    "date_ms": 1486495283084,
    "price": 1049.8800,
    "amount": 0.02640,
    "type": "buy",
    "tid": "783019"
  },
  {
    "date": 1486495260,
    "date_ms": 1486495260397,
    "price": 1051.1100,
    "amount": 0.00510,
    "type": "sell",
    "tid": "783016"
  },
  {
    "date": 1486495227,
    "date_ms": 1486495227460,
    "price": 1050.9800,
    "amount": 0.02450,
    "type": "sell",
    "tid": "783014"
  },
  {
    "date": 1486495206,
    "date_ms": 1486495206414,
    "price": 1050.6800,
    "amount": 0.00330,
    "type": "buy",
    "tid": "783012"
  },
  {
    "date": 1486495163,
    "date_ms": 1486495163821,
    "price": 1051.6800,
    "amount": 0.02270,
    "type": "sell",
    "tid": "783008"
  },
  {
    "date": 1486495146,
    "date_ms": 1486495146462,
    "price": 1051.1000,
    "amount": 0.00150,
    "type": "sell",
    "tid": "783007"
  },
  {
    "date": 1486495120,
    "date_ms": 1486495120024,
    "price": 1051.3300,
    "amount": 0.02090,
    "type": "sell",
    "tid": "783005"
  },
  {
    "date": 1486495081,
    "date_ms": 1486495081150,
    "price": 1051.6600,
    "amount": 0.04030,
    "type": "sell",
    "tid": "783001"
  },
  {
    "date": 1486495036,
    "date_ms": 1486495036448,
    "price": 1051.0200,
    "amount": 0.01910,
    "type": "sell",
    "tid": "782999"
  },
  {
    "date": 1486495008,
    "date_ms": 1486495008198,
    "price": 1051.1100,
    "amount": 0.03850,
    "type": "sell",
    "tid": "782997"
  },
  {
    "date": 1486494986,
    "date_ms": 1486494986230,
    "price": 1050.5900,
    "amount": 0.01720,
    "type": "buy",
    "tid": "782995"
  },
  {
    "date": 1486494968,
    "date_ms": 1486494968386,
    "price": 1051.5100,
    "amount": 0.03660,
    "type": "sell",
    "tid": "782992"
  },
  {
    "date": 1486494936,
    "date_ms": 1486494936965,
    "price": 1051.2000,
    "amount": 0.01540,
    "type": "sell",
    "tid": "782990"
  },
  {
    "date": 1486494908,
    "date_ms": 1486494908621,
    "price": 1051.5800,
    "amount": 0.03480,
    "type": "sell",
    "tid": "782987"
  },
  {
    "date": 1486494873,
    "date_ms": 1486494873559,
    "price": 1050.3700,
    "amount": 0.01360,
    "type": "buy",
    "tid": "782985"
  },
  {
    "date": 1486494855,
    "date_ms": 1486494855372,
    "price": 1051.6800,
    "amount": 0.03300,
    "type": "sell",
    "tid": "782984"
  },
  {
    "date": 1486494823,
    "date_ms": 1486494823263,
    "price": 1051.5100,
    "amount": 0.01170,
    "type": "sell",
    "tid": "782980"
  },
  {
    "date": 1486494781,
    "date_ms": 1486494781889,
    "price": 1049.8500,
    "amount": 0.03120,
    "type": "buy",
    "tid": "782978"
  },
  {
    "date": 1486494745,
    "date_ms": 1486494745577,
    "price": 1050.3200,
    "amount": 0.01000,
    "type": "buy",
    "tid": "782976"
  },
  {
    "date": 1486494710,
    "date_ms": 1486494710140,
    "price": 1050.4700,
    "amount": 0.02940,
    "type": "buy",
    "tid": "782973"
  },
  {
    "date": 1486494672,
    "date_ms": 1486494672266,
    "price": 1051.1600,
    "amount": 0.00810,
    "type": "sell",
    "tid": "782971"
  },
  {
    "date": 1486494631,
    "date_ms": 1486494631626,
    "price": 1051.4600,
    "amount": 0.02750,
    "type": "sell",
    "tid": "782968"
  },
  {
    "date": 1486494594,
    "date_ms": 1486494594267,
    "price": 1051.5700,
    "amount": 0.00630,
    "type": "sell",
    "tid": "782966"
  },
  {
    "date": 1486494569,
    "date_ms": 1486494569345,
    "price": 1050.6300,
    "amount": 0.02570,
    "type": "buy",
    "tid": "782964"
  },
  {
    "date": 1486494554,
    "date_ms": 1486494554658,
    "price": 1050.3600,
    "amount": 0.00450,
    "type": "buy",
    "tid": "782962"
  },
  {
    "date": 1486494518,
    "date_ms": 1486494518955,
    "price": 1051.3400,
    "amount": 0.02390,
    "type": "sell",
    "tid": "782960"
  },
  {
    "date": 1486494485,
    "date_ms": 1486494485612,
    "price": 1050.4600,
    "amount": 0.03750,
    "type": "buy",
    "tid": "782958"
  },
  {
    "date": 1486494461,
    "date_ms": 1486494461394,
    "price": 1050.9700,
    "amount": 0.10620,
    "type": "sell",
    "tid": "782955"
  },
  {
    "date": 14