{"btc_usd":[{"type":"bid","price":1039,"amount":97.234994,"tid":92468568,"timestamp":1486521422},{"type":"ask","price":1038.991,"amount":0.00263591,"tid":92468565,"timestamp":1486521414},{"type":"bid","price":1038.99,"amount":0.49088896,"tid":92468561,"timestamp":1486521387},{"type":"bid","price":1038.359,"amount":2.82689196,"tid":92468560,"timestamp":1486521387},{"type":"ask","price":1038.359,"amount":0.02010804,"tid":92468557,"timestamp":1486521384},{"type":"bid","price":1038.99,"amount":0.01,"tid":92468554,"timestamp":1486521368},{"type":"bid","price":1038.99,"amount":0.01,"tid":92468553,"timestamp":1486521367},{"type":"bid","price":1038.99,"amount":0.01,"tid":92468537,"timestamp":1486521365},{"type":"bid","price":1038.99,"amount":0.04,"tid":92468536,"timestamp":1486521365},{"type":"bid","price":1038.99,"amount":0.03,"tid":92468535,"timestamp":1486521365},{"type":"ask","price":1038.359,"amount":0.01,"tid":92468534,"timestamp":1486521365},{"type":"ask","price":1038.359,"amount":0.06,"tid":92468533,"timestamp":1486521364},{"type":"bid","price":1039,"amount":0.884035,"tid":92468527,"timestamp":1486521337},{"type":"bid","price":1039,"amount":1.170971,"tid":92468526,"timestamp":1486521311},{"type":"ask","price":1039.704,"amount":0.71,"tid":92468522,"timestamp":1486521288},{"type":"bid","price":1039.704,"amount":0.113,"tid":92468513,"timestamp":1486521187},{"type":"bid","price":1039.053,"amount":0.28497,"tid":92468511,"timestamp":1486521153},{"type":"bid","price":1039,"amount":64.8754291,"tid":92468506,"timestamp":1486521128},{"type":"bid","price":1038.791,"amount":1.8,"tid":92468505,"timestamp":1486521128},{"type":"bid","price":1038.791,"amount":0.40755479,"tid":92468504,"timestamp":1486521128},{"type":"bid","price":1038.791,"amount":0.01,"tid":92468498,"timestamp":1486521067},{"type":"bid","price":1038.791,"amount":0.01,"tid":92468497,"timestamp":1486521066},{"type":"bid","price":1038.791,"amount":0.01,"tid":92468496,"timestamp":1486521066},{"type":"bid","price":1038.791,"amount":0.01,"tid":92468495,"timestamp":1486521066},{"type":"bid","price":1038.791,"amount":0.00838,"tid":92468494,"timestamp":1486521065},{"type":"bid","price":1038.762,"amount":0.00162,"tid":92468493,"timestamp":1486521065},{"type":"bid","price":1038.762,"amount":0.01,"tid":92468490,"timestamp":1486521065},{"type":"ask","price":1038.359,"amount":0.05,"tid":92468489,"timestamp":1486521065},{"type":"ask","price":1038.359,"amount":0.01,"tid":92468488,"timestamp":1486521065},{"type":"ask","price":1038.359,"amount":0.00889196,"tid":92468480,"timestamp":1486521007},{"type":"ask","price":1038.762,"amount":0.59,"tid":92468479,"timestamp":1486520970},{"type":"ask","price":1038.791,"amount":3.57065894,"tid":92468474,"timestamp":1486520895},{"type":"ask","price":1038.791,"amount":0.45593479,"tid":92468473,"timestamp":1486520892},{"type":"bid","price":1038.99,"amount":0.006,"tid":92468472,"timestamp":1486520878},{"type":"bid","price":1039,"amount":0.01183,"tid":92468471,"timestamp":1486520866},{"type":"ask","price":1038.791,"amount":0.095411,"tid":92468470,"timestamp":1486520851},{"type":"bid","price":1039,"amount":0.01353455,"tid":92468468,"timestamp":1486520839},{"type":"ask","price":1038.791,"amount":0.01,"tid":92468467,"timestamp":1486520837},{"type":"bid","price":1039,"amount":0.02777778,"tid":92468466,"timestamp":1486520834},{"type":"bid","price":1039,"amount":0.07142857,"tid":92468463,"timestamp":1486520807},{"type":"ask","price":1038.791,"amount":6.62406352,"tid":92468462,"timestamp":1486520804},{"type":"ask","price":1038.791,"amount":0.01,"tid":92468461,"timestamp":1486520789},{"type":"bid","price":1039.705,"amount":0.11111111,"tid":92468460,"timestamp":1486520780},{"type":"bid","price":1039.705,"amount":0.1,"tid":92468459,"timestamp":1486520775},{"type":"ask","price":1038.791,"amount":0.1845,"tid":92468458,"timestamp":1486520766},{"type":"ask","price":1038.791,"amount":0.14070268,"tid":92468456,"timestamp":1486520754},{"type":"bid","price":1039.705,"amount":0.14285714,"tid":92468455,"timestamp":1486520752},{"type":"ask","price":1038.791,"amount":5.67718107,"tid":92468454,"timestamp":1486520749},{"type":"ask","price":1038.858,"amount":0.19541,"tid":92468453,"timestamp":1486520749},{"type":"ask","price":1038.985,"amount":0.54602,"tid":92468452,"timestamp":1486520749},{"type":"ask","price":1038.992,"amount":0.28245327,"tid":92468451,"timestamp":1486520749},{"type":"ask","price":1038.999,"amount":0.1,"tid":92468450,"timestamp":1486520749},{"type":"ask","price":1039.105,"amount":0.01453165,"tid":92468449,"timestamp":1486520749},{"type":"ask","price":1039.497,"amount":0.05660307,"tid":92468448,"timestamp":1486520749},{"type":"ask","price":1039.653,"amount":0.14339185,"tid":92468447,"timestamp":1486520749},{"type":"ask","price":1039.704,"amount":0.00440909,"tid":92468446,"timestamp":1486520749},{"type":"ask","price":1039.705,"amount":0.18,"tid":92468445,"timestamp":1486520749},{"type":"bid","price":1039.9,"amount":2,"tid":92468444,"timestamp":1486520729},{"type":"bid","price":1039.9,"amount":0.1589625,"tid":92468443,"timestamp":1486520724},{"type":"bid","price":1039.899,"amount":0.00770417,"tid":92468442,"timestamp":1486520724},{"type":"bid","price":1039.899,"amount":0.045,"tid":92468441,"timestamp":1486520718},{"type":"bid","price":1039.899,"amount":0.16666667,"tid":92468437,"timestamp":1486520695},{"type":"bid","price":1039.899,"amount":0.16666667,"tid":92468433,"timestamp":1486520662},{"type":"ask","price":1039.705,"amount":0.01,"tid":92468432,"timestamp":1486520636},{"type":"bid","price":1039.899,"amount":0.2,"tid":92468430,"timestamp":1486520630},{"type":"bid","price":1039.705,"amount":0.0095,"tid":92468429,"timestamp":1486520602},{"type":"ask","price":1039.705,"amount":0.002,"tid":92468428,"timestamp":1486520602},{"type":"bid","price":1039.9,"amount":0.087292,"tid":92468427,"timestamp":1486520599},{"type":"bid","price":1039.9,"amount":0.0996,"tid":92468426,"timestamp":1486520599},{"type":"bid","price":1039.893,"amount":0.013108,"tid":92468425,"timestamp":1486520599},{"type":"bid","price":1039.834,"amount":0.005,"tid":92468424,"timestamp":1486520591},{"type":"bid","price":1039.834,"amount":0.2,"tid":92468422,"timestamp":1486520571},{"type":"ask","price":1039.835,"amount":0.2,"tid":92468421,"timestamp":1486520554},{"type":"bid","price":1039.835,"amount":0.004,"tid":92468420,"timestamp":1486520548},{"type":"bid","price":1039.835,"amount":0.2,"tid":92468419,"timestamp":1486520544},{"type":"bid","price":1039.835,"amount":0.063,"tid":92468418,"timestamp":1486520525},{"type":"bid","price":1039.835,"amount":0.2,"tid":92468416,"timestamp":1486520518},{"type":"bid","price":1039.835,"amount":0.2,"tid":92468415,"timestamp":1486520490},{"type":"bid","price":1039.835,"amount":0.005,"tid":92468414,"timestamp":1486520485},{"type":"bid","price":1039.833,"amount":0.2,"tid":92468412,"timestamp":1486520463},{"type":"bid","price":1039.833,"amount":0.058,"tid":92468410,"timestamp":1486520456},{"type":"bid","price":1039.835,"amount":3.95,"tid":92468408,"timestamp":1486520452},{"type":"ask","price":1039.835,"amount":0.141,"tid":92468407,"timestamp":1486520451},{"type":"ask","price":1039.889,"amount":0.19,"tid":92468406,"timestamp":1486520451},{"type":"ask","price":1039.89,"amount":0.047,"tid":92468405,"timestamp":1486520451},{"type":"ask","price":1039.889,"amount":0.01,"tid":92468404,"timestamp":1486520438},{"type":"bid","price":1039.85,"amount":0.01,"tid":92468402,"timestamp":1486520433},{"type":"bid","price":1039.707,"amount":0.059,"tid":92468401,"timestamp":1486520410},{"type":"ask","price":1039.705,"amount":0.01,"tid":92468399,"timestamp":1486520390},{"type":"bid","price":1039.704,"amount":0.05809091,"tid":92468398,"timestamp":1486520379},{"type":"bid","price":1039.654,"amount":0.35327746,"tid":92468397,"timestamp":1486520378},{"type":"ask","price":1039.654,"amount":0.096,"tid":92468396,"timestamp":1486520376},{"type":"bid","price":1039.704,"amount":0.09090909,"tid":92468395,"timestamp":1486520349},{"type":"bid","price":1039.704,"amount":0.01,"tid":92468393,"timestamp":1486520337},{"type":"bid","price":1039.55,"amount":0.05660815,"tid":92468392,"timestamp":1486520324},{"type":"bid","price":1039.55,"amount":0.01,"tid":92468391,"timestamp":1486520320},{"type":"bid","price":1039.55,"amount":0.01,"tid":92468390,"timestamp":1486520312},{"type":"bid","price":1039.55,"amount":0.01,"tid":92468388,"timestamp":1486520305},{"type":"bid","price":1039.55,"amount":0.19931448,"tid":92468387,"timestamp":1486520298},{"type":"bid","price":1039.544,"amount":0.00068552,"tid":92468386,"timestamp":1486520298},{"type":"bid","price":1039.544,"amount":0.01,"tid":92468385,"timestamp":1486520297},{"type":"bid","price":1039.544,"amount":0.00843548,"tid":92468384,"timestamp":1486520289},{"type":"bid","price":1039.499,"amount":0.00156452,"tid":92468383,"timestamp":1486520289},{"type":"bid","price":1039.499,"amount":0.01,"tid":92468382,"timestamp":1486520282},{"type":"ask","price":1039.497,"amount":0.05591309,"tid":92468381,"timestamp":1486520278},{"type":"bid","price":1039.45,"amount":0.081869,"tid":92468380,"timestamp":1486520274},{"type":"bid","price":1039.235,"amount":0.0050903,"tid":92468379,"timestamp":1486520274},{"type":"bid","price":1039.224,"amount":0.00052454,"tid":92468378,"timestamp":1486520274},{"type":"ask","price":1039.105,"amount":0.02847933,"tid":92468376,"timestamp":1486520261},{"type":"bid","price":1039.224,"amount":0.01045346,"tid":92468375,"timestamp":1486520251},{"type":"bid","price":1039.214,"amount":0.00100798,"tid":92468374,"timestamp":1486520251},{"type":"bid","price":1039.123,"amount":0.00100798,"tid":92468373,"timestamp":1486520251},{"type":"bid","price":1039.121,"amount":0.0376246,"tid":92468372,"timestamp":1486520251},{"type":"bid","price":1039.113,"amount":0.00100798,"tid":92468371,"timestamp":1486520251},{"type":"bid","price":1039.1,"amount":0.00283346,"tid":92468370,"timestamp":1486520250},{"type":"bid","price":1039.099,"amount":0.14415556,"tid":92468369,"timestamp":1486520250},{"type":"bid","price":1039.099,"amount":0.01,"tid":92468368,"timestamp":1486520250},{"type":"bid","price":1039,"amount":0.69641758,"tid":92468367,"timestamp":1486520243},{"type":"bid","price":1039,"amount":0.01,"tid":92468364,"timestamp":1486520227},{"type":"bid","price":1039,"amount":0.2,"tid":92468363,"timestamp":1486520226},{"type":"bid","price":1039,"amount":0.022,"tid":92468362,"timestamp":1486520224},{"type":"bid","price":1039,"amount":0.09990376,"tid":92468361,"timestamp":1486520219},{"type":"bid","price":1039,"amount":0.01,"tid":92468360,"timestamp":1486520218},{"type":"bid","price":1039,"amount":0.19367866,"tid":92468359,"timestamp":1486520211},{"type":"bid","price":1039,"amount":0.00934229,"tid":92468358,"timestamp":1486520211},{"type":"bid","price":1039,"amount":0.07409857,"tid":92468357,"timestamp":1486520211},{"type":"bid","price":1039,"amount":0.2,"tid":92468356,"timestamp":1486520201},{"type":"bid","price":1039,"amount":0.01,"tid":92468355,"timestamp":1486520196},{"type":"bid","price":1039,"amount":0.456,"tid":92468354,"timestamp":1486520185},{"type":"bid","price":1039,"amount":0.25990143,"tid":92468353,"timestamp":1486520178},{"type":"bid","price":1039,"amount":0.03282831,"tid":92468352,"timestamp":1486520178},{"type":"bid","price":1039,"amount":0.0583002,"tid":92468351,"timestamp":1486520178},{"type":"bid","price":1039,"amount":1.57467006,"tid":92468350,"timestamp":1486520178},{"type":"bid","price":1039,"amount":0.2,"tid":92468349,"timestamp":1486520175},{"type":"bid","price":1039,"amount":0.00418793,"tid":92468325,"timestamp":1486520159},{"type":"bid","price":1039,"amount":0.38337506,"tid":92468315,"timestamp":1486520157},{"type":"ask","price":1038.999,"amount":0.5,"tid":92468290,"timestamp":1486520145},{"type":"bid","price":1039,"amount":0.09,"tid":92468289,"timestamp":1486520143},{"type":"bid","price":1039,"amount":3.07499654,"tid":92468288,"timestamp":1486520143},{"type":"bid","price":1039,"amount":0.68569466,"tid":92468282,"timestamp":1486520126},{"type":"bid","price":1039,"amount":0.4,"tid":92468272,"timestamp":1486520107},{"type":"bid","price":1039,"amount":0.039,"tid":92468271,"timestamp":1486520104},{"type":"bid","price":1039,"amount":5,"tid":92468270,"timestamp":1486520095},{"type":"bid","price":1039,"amount":0.76307575,"tid":92468269,"timestamp":1486520089},{"type":"bid","price":1039,"amount":0.248,"tid":92468268,"timestamp":1486520088},{"type":"bid","price":1039,"amount":36.467,"tid":92468256,"timestamp":1486520071},{"type":"bid","price":1039,"amount":2,"tid":92468255,"timestamp":1486520071},{"type":"bid","price":1039,"amount":0.4,"tid":92468254,"timestamp":1486520071},{"type":"bid","price":1039,"amount":0.01,"tid":92468253,"timestamp":1486520071},{"type":"bid","price":1039,"amount":0.123,"tid":92468252,"timestamp":1486520071}]}