{"btc_usd":[{"type":"bid","price":1042.402,"amount":0.329,"tid":92469740,"timestamp":1486524111},{"type":"bid","price":1042.401,"amount":0.011,"tid":92469739,"timestamp":1486524111},{"type":"bid","price":1042.402,"amount":0.46,"tid":92469738,"timestamp":1486524097},{"type":"bid","price":1042.402,"amount":0.01,"tid":92469737,"timestamp":1486524081},{"type":"bid","price":1042.402,"amount":0.01,"tid":92469736,"timestamp":1486524081},{"type":"bid","price":1042.402,"amount":0.01,"tid":92469735,"timestamp":1486524081},{"type":"bid","price":1042.402,"amount":0.01,"tid":92469734,"timestamp":1486524080},{"type":"bid","price":1042.402,"amount":0.01,"tid":92469733,"timestamp":1486524080},{"type":"bid","price":1042.402,"amount":0.01,"tid":92469732,"timestamp":1486524080},{"type":"bid","price":1042.402,"amount":0.01,"tid":92469731,"timestamp":1486524079},{"type":"bid","price":1042.402,"amount":0.01,"tid":92469730,"timestamp":1486524079},{"type":"bid","price":1042.402,"amount":0.01,"tid":92469729,"timestamp":1486524078},{"type":"bid","price":1042.402,"amount":0.01,"tid":92469728,"timestamp":1486524078},{"type":"bid","price":1042.402,"amount":0.01,"tid":92469727,"timestamp":1486524078},{"type":"bid","price":1042.402,"amount":0.01,"tid":92469726,"timestamp":1486524077},{"type":"bid","price":1042.402,"amount":0.01,"tid":92469725,"timestamp":1486524077},{"type":"bid","price":1042.402,"amount":0.01,"tid":92469724,"timestamp":1486524077},{"type":"bid","price":1042.402,"amount":0.01,"tid":92469723,"timestamp":1486524076},{"type":"bid","price":1042.402,"amount":0.01,"tid":92469722,"timestamp":1486524076},{"type":"bid","price":1042.402,"amount":0.02,"tid":92469721,"timestamp":1486524076},{"type":"bid","price":1042.402,"amount":0.01,"tid":92469720,"timestamp":1486524075},{"type":"bid","price":1042.402,"amount":0.01,"tid":92469719,"timestamp":1486524075},{"type":"bid","price":1042.402,"amount":0.01,"tid":92469718,"timestamp":1486524075},{"type":"bid","price":1042.402,"amount":0.01,"tid":92469717,"timestamp":1486524074},{"type":"bid","price":1042.402,"amount":0.00746999,"tid":92469716,"timestamp":1486524074},{"type":"bid","price":1042.39,"amount":0.00253001,"tid":92469715,"timestamp":1486524074},{"type":"bid","price":1042.39,"amount":0.01,"tid":92469714,"timestamp":1486524074},{"type":"bid","price":1042.39,"amount":0.01,"tid":92469713,"timestamp":1486524073},{"type":"bid","price":1042.39,"amount":0.01,"tid":92469712,"timestamp":1486524073},{"type":"bid","price":1042.39,"amount":0.01,"tid":92469711,"timestamp":1486524073},{"type":"bid","price":1042.39,"amount":0.005974,"tid":92469710,"timestamp":1486524072},{"type":"bid","price":1042.292,"amount":0.004026,"tid":92469709,"timestamp":1486524072},{"type":"bid","price":1042.292,"amount":0.005974,"tid":92469708,"timestamp":1486524072},{"type":"bid","price":1042.255,"amount":0.004026,"tid":92469707,"timestamp":1486524072},{"type":"bid","price":1042.255,"amount":0.01,"tid":92469705,"timestamp":1486524071},{"type":"bid","price":1042.02,"amount":0.01,"tid":92469704,"timestamp":1486524071},{"type":"bid","price":1042.02,"amount":0.01,"tid":92469703,"timestamp":1486524070},{"type":"bid","price":1042.02,"amount":0.007,"tid":92469702,"timestamp":1486524070},{"type":"bid","price":1042.019,"amount":0.003,"tid":92469701,"timestamp":1486524070},{"type":"bid","price":1042.019,"amount":0.01,"tid":92469700,"timestamp":1486524069},{"type":"bid","price":1042.019,"amount":0.01,"tid":92469699,"timestamp":1486524069},{"type":"bid","price":1042.019,"amount":0.01,"tid":92469698,"timestamp":1486524069},{"type":"ask","price":1042,"amount":0.281,"tid":92469697,"timestamp":1486524068},{"type":"bid","price":1042.019,"amount":0.01,"tid":92469695,"timestamp":1486524067},{"type":"bid","price":1042.019,"amount":0.01,"tid":92469694,"timestamp":1486524067},{"type":"bid","price":1042.019,"amount":0.01,"tid":92469693,"timestamp":1486524067},{"type":"bid","price":1042.019,"amount":0.01,"tid":92469692,"timestamp":1486524066},{"type":"bid","price":1042.019,"amount":0.01,"tid":92469691,"timestamp":1486524066},{"type":"bid","price":1042.019,"amount":0.01,"tid":92469690,"timestamp":1486524066},{"type":"ask","price":1042,"amount":0.01,"tid":92469689,"timestamp":1486524066},{"type":"ask","price":1042,"amount":0.07,"tid":92469688,"timestamp":1486524065},{"type":"bid","price":1042.019,"amount":0.01,"tid":92469687,"timestamp":1486524065},{"type":"ask","price":1042,"amount":0.01,"tid":92469686,"timestamp":1486524065},{"type":"ask","price":1042,"amount":0.07,"tid":92469685,"timestamp":1486524065},{"type":"bid","price":1042.019,"amount":0.01,"tid":92469684,"timestamp":1486524065},{"type":"ask","price":1042,"amount":0.01,"tid":92469683,"timestamp":1486524064},{"type":"ask","price":1042,"amount":0.07,"tid":92469682,"timestamp":1486524064},{"type":"ask","price":1042,"amount":0.398,"tid":92469680,"timestamp":1486524063},{"type":"ask","price":1042,"amount":0.398,"tid":92469678,"timestamp":1486524058},{"type":"ask","price":1042,"amount":0.398,"tid":92469676,"timestamp":1486524053},{"type":"ask","price":1042,"amount":0.387,"tid":92469674,"timestamp":1486524048},{"type":"ask","price":1042.001,"amount":0.011,"tid":92469673,"timestamp":1486524048},{"type":"ask","price":1042,"amount":0.01085715,"tid":92469670,"timestamp":1486524035},{"type":"ask","price":1042,"amount":0.01,"tid":92469667,"timestamp":1486524033},{"type":"bid","price":1042.02,"amount":0.012,"tid":92469666,"timestamp":1486524031},{"type":"ask","price":1042,"amount":0.011976,"tid":92469663,"timestamp":1486524019},{"type":"ask","price":1042,"amount":0.03,"tid":92469662,"timestamp":1486524016},{"type":"ask","price":1042,"amount":0.01,"tid":92469661,"timestamp":1486524016},{"type":"bid","price":1042,"amount":0.01474301,"tid":92469660,"timestamp":1486524015},{"type":"bid","price":1042,"amount":0.10890109,"tid":92469659,"timestamp":1486524015},{"type":"bid","price":1042,"amount":0.01034132,"tid":92469658,"timestamp":1486524013},{"type":"ask","price":1041,"amount":0.0954,"tid":92469657,"timestamp":1486524011},{"type":"bid","price":1042,"amount":0.0011,"tid":92469651,"timestamp":1486524002},{"type":"bid","price":1042,"amount":0.17689258,"tid":92469650,"timestamp":1486524000},{"type":"ask","price":1041,"amount":0.28,"tid":92469647,"timestamp":1486523976},{"type":"bid","price":1042,"amount":0.03,"tid":92469646,"timestamp":1486523975},{"type":"bid","price":1042,"amount":0.03,"tid":92469643,"timestamp":1486523975},{"type":"bid","price":1042,"amount":0.03,"tid":92469638,"timestamp":1486523974},{"type":"bid","price":1042,"amount":0.03,"tid":92469637,"timestamp":1486523974},{"type":"bid","price":1042,"amount":0.01,"tid":92469636,"timestamp":1486523972},{"type":"bid","price":1042,"amount":0.01,"tid":92469635,"timestamp":1486523972},{"type":"bid","price":1042,"amount":0.06,"tid":92469625,"timestamp":1486523968},{"type":"bid","price":1042,"amount":0.04,"tid":92469613,"timestamp":1486523966},{"type":"bid","price":1042,"amount":0.011022,"tid":92469612,"timestamp":1486523966},{"type":"bid","price":1042,"amount":0.02,"tid":92469590,"timestamp":1486523959},{"type":"ask","price":1041,"amount":0.03,"tid":92469586,"timestamp":1486523958},{"type":"ask","price":1041,"amount":0.01,"tid":92469585,"timestamp":1486523957},{"type":"ask","price":1041,"amount":0.02483361,"tid":92469584,"timestamp":1486523957},{"type":"ask","price":1041.01,"amount":0.00516639,"tid":92469583,"timestamp":1486523957},{"type":"ask","price":1041.01,"amount":0.01,"tid":92469582,"timestamp":1486523956},{"type":"bid","price":1041.001,"amount":0.76717201,"tid":92469581,"timestamp":1486523956},{"type":"bid","price":1041.001,"amount":0.09,"tid":92469580,"timestamp":1486523956},{"type":"bid","price":1041.001,"amount":0.02,"tid":92469579,"timestamp":1486523956},{"type":"ask","price":1041.001,"amount":0.0767,"tid":92469578,"timestamp":1486523955},{"type":"bid","price":1042,"amount":1.1673952,"tid":92469576,"timestamp":1486523922},{"type":"bid","price":1041.999,"amount":0.3,"tid":92469575,"timestamp":1486523922},{"type":"bid","price":1041.482,"amount":0.283,"tid":92469574,"timestamp":1486523922},{"type":"bid","price":1042,"amount":3.26434781,"tid":92469565,"timestamp":1486523876},{"type":"bid","price":1042,"amount":0.1,"tid":92469564,"timestamp":1486523876},{"type":"bid","price":1042,"amount":0.035,"tid":92469563,"timestamp":1486523876},{"type":"bid","price":1042,"amount":0.05655219,"tid":92469562,"timestamp":1486523876},{"type":"ask","price":1041.001,"amount":0.0183,"tid":92469560,"timestamp":1486523870},{"type":"bid","price":1042,"amount":0.04323131,"tid":92469557,"timestamp":1486523835},{"type":"bid","price":1042,"amount":0.1,"tid":92469556,"timestamp":1486523835},{"type":"bid","price":1042,"amount":0.19166247,"tid":92469555,"timestamp":1486523835},{"type":"bid","price":1042,"amount":0.05,"tid":92469554,"timestamp":1486523835},{"type":"bid","price":1042,"amount":0.4,"tid":92469553,"timestamp":1486523835},{"type":"bid","price":1041.85,"amount":0.01,"tid":92469552,"timestamp":1486523835},{"type":"bid","price":1041.802,"amount":0.0158,"tid":92469551,"timestamp":1486523835},{"type":"bid","price":1041.7,"amount":0.010001,"tid":92469550,"timestamp":1486523835},{"type":"bid","price":1041.699,"amount":0.035004,"tid":92469549,"timestamp":1486523835},{"type":"bid","price":1041.639,"amount":0.061234,"tid":92469548,"timestamp":1486523835},{"type":"bid","price":1041.604,"amount":0.0050683,"tid":92469547,"timestamp":1486523835},{"type":"bid","price":1041.506,"amount":0.06,"tid":92469546,"timestamp":1486523835},{"type":"bid","price":1041.471,"amount":0.010978,"tid":92469545,"timestamp":1486523835},{"type":"bid","price":1041.449,"amount":0.01996,"tid":92469544,"timestamp":1486523835},{"type":"bid","price":1041.449,"amount":0.010978,"tid":92469543,"timestamp":1486523835},{"type":"bid","price":1041.429,"amount":0.01001992,"tid":92469542,"timestamp":1486523835},{"type":"bid","price":1041.357,"amount":0.01,"tid":92469541,"timestamp":1486523835},{"type":"bid","price":1041.257,"amount":0.01,"tid":92469540,"timestamp":1486523835},{"type":"bid","price":1041.247,"amount":0.04,"tid":92469539,"timestamp":1486523835},{"type":"bid","price":1041.228,"amount":0.001063,"tid":92469538,"timestamp":1486523835},{"type":"bid","price":1041.228,"amount":0.01,"tid":92469536,"timestamp":1486523823},{"type":"bid","price":1041.228,"amount":0.01,"tid":92469534,"timestamp":1486523803},{"type":"bid","price":1041.228,"amount":0.01,"tid":92469533,"timestamp":1486523801},{"type":"bid","price":1041.228,"amount":0.01,"tid":92469532,"timestamp":1486523799},{"type":"bid","price":1041.228,"amount":0.00377,"tid":92469501,"timestamp":1486523779},{"type":"bid","price":1041.175,"amount":0.00623,"tid":92469500,"timestamp":1486523779},{"type":"bid","price":1041.175,"amount":0.05,"tid":92469494,"timestamp":1486523777},{"type":"bid","price":1041.175,"amount":0.0164,"tid":92469482,"timestamp":1486523772},{"type":"bid","price":1041.053,"amount":0.0136,"tid":92469481,"timestamp":1486523772},{"type":"bid","price":1041.053,"amount":0.009,"tid":92469478,"timestamp":1486523772},{"type":"bid","price":1041.041,"amount":0.021,"tid":92469477,"timestamp":1486523772},{"type":"bid","price":1041.041,"amount":0.03,"tid":92469475,"timestamp":1486523772},{"type":"bid","price":1041.041,"amount":0.15,"tid":92469470,"timestamp":1486523770},{"type":"bid","price":1041.041,"amount":0.008,"tid":92469460,"timestamp":1486523768},{"type":"bid","price":1041.038,"amount":0.002,"tid":92469459,"timestamp":1486523768},{"type":"ask","price":1041,"amount":0.03,"tid":92469453,"timestamp":1486523767},{"type":"ask","price":1041,"amount":0.01,"tid":92469451,"timestamp":1486523766},{"type":"ask","price":1041,"amount":0.01,"tid":92469448,"timestamp":1486523766},{"type":"ask","price":1041,"amount":0.03,"tid":92469446,"timestamp":1486523766},{"type":"bid","price":1041.038,"amount":0.02,"tid":92469445,"timestamp":1486523766},{"type":"bid","price":1041.038,"amount":0.06,"tid":92469444,"timestamp":1486523766},{"type":"ask","price":1041,"amount":0.01537404,"tid":92469441,"timestamp":1486523759},{"type":"bid","price":1041.038,"amount":0.02,"tid":92469440,"timestamp":1486523756},{"type":"bid","price":1041.01,"amount":0.02,"tid":92469439,"timestamp":1486523756},{"type":"ask","price":1041,"amount":0.01,"tid":92469438,"timestamp":1486523756},{"type":"ask","price":1041,"amount":0.1,"tid":92469437,"timestamp":1486523756},{"type":"bid","price":1041,"amount":0.1438,"tid":92469436,"timestamp":1486523755},{"type":"bid","price":1041,"amount":0.038922,"tid":92469435,"timestamp":1486523755}]}