{"btc_usd":[{"type":"bid","price":1040.25,"amount":0.2,"tid":92469372,"timestamp":1486523582},{"type":"bid","price":1040.25,"amount":0.01,"tid":92469371,"timestamp":1486523577},{"type":"bid","price":1040.222,"amount":0.01,"tid":92469370,"timestamp":1486523553},{"type":"ask","price":1040.11,"amount":0.01,"tid":92469368,"timestamp":1486523548},{"type":"ask","price":1040.11,"amount":0.01,"tid":92469367,"timestamp":1486523548},{"type":"ask","price":1040.11,"amount":0.24,"tid":92469366,"timestamp":1486523548},{"type":"bid","price":1040.11,"amount":0.1,"tid":92469365,"timestamp":1486523546},{"type":"bid","price":1040,"amount":7.5,"tid":92469364,"timestamp":1486523546},{"type":"bid","price":1040,"amount":1.94,"tid":92469363,"timestamp":1486523546},{"type":"bid","price":1040,"amount":0.01,"tid":92469362,"timestamp":1486523546},{"type":"bid","price":1040,"amount":0.2,"tid":92469361,"timestamp":1486523546},{"type":"bid","price":1040,"amount":10,"tid":92469360,"timestamp":1486523546},{"type":"bid","price":1040,"amount":0.0045701,"tid":92469359,"timestamp":1486523546},{"type":"bid","price":1040,"amount":30,"tid":92469358,"timestamp":1486523546},{"type":"bid","price":1040,"amount":1.771,"tid":92469357,"timestamp":1486523546},{"type":"bid","price":1040,"amount":0.1,"tid":92469356,"timestamp":1486523546},{"type":"bid","price":1040,"amount":0.0400198,"tid":92469355,"timestamp":1486523546},{"type":"bid","price":1040,"amount":0.10362873,"tid":92469354,"timestamp":1486523546},{"type":"bid","price":1040,"amount":0.1,"tid":92469353,"timestamp":1486523546},{"type":"bid","price":1040,"amount":0.2998,"tid":92469352,"timestamp":1486523546},{"type":"bid","price":1040,"amount":0.24149645,"tid":92469351,"timestamp":1486523546},{"type":"bid","price":1040,"amount":2.46469178,"tid":92469350,"timestamp":1486523546},{"type":"ask","price":1038.7,"amount":0.02347175,"tid":92469347,"timestamp":1486523491},{"type":"bid","price":1040,"amount":0.0011,"tid":92469346,"timestamp":1486523469},{"type":"bid","price":1040,"amount":20,"tid":92469343,"timestamp":1486523421},{"type":"bid","price":1040,"amount":0.0011,"tid":92469340,"timestamp":1486523377},{"type":"bid","price":1040,"amount":0.001,"tid":92469336,"timestamp":1486523313},{"type":"bid","price":1040,"amount":0.22559983,"tid":92469335,"timestamp":1486523312},{"type":"bid","price":1040,"amount":0.2728987,"tid":92469333,"timestamp":1486523287},{"type":"ask","price":1038.5,"amount":0.00281478,"tid":92469332,"timestamp":1486523282},{"type":"bid","price":1040,"amount":0.0011,"tid":92469331,"timestamp":1486523277},{"type":"bid","price":1040,"amount":0.00146378,"tid":92469307,"timestamp":1486523221},{"type":"bid","price":1040,"amount":20,"tid":92469298,"timestamp":1486523201},{"type":"bid","price":1040,"amount":0.004,"tid":92469285,"timestamp":1486523147},{"type":"bid","price":1040,"amount":0.4,"tid":92469283,"timestamp":1486523135},{"type":"bid","price":1040,"amount":0.1,"tid":92469279,"timestamp":1486523080},{"type":"bid","price":1040,"amount":1.11304341,"tid":92469257,"timestamp":1486523011},{"type":"bid","price":1039,"amount":1.20625659,"tid":92469256,"timestamp":1486523011},{"type":"ask","price":1039.998,"amount":1.51374341,"tid":92469255,"timestamp":1486523004},{"type":"ask","price":1039.998,"amount":0.00409438,"tid":92469253,"timestamp":1486522992},{"type":"ask","price":1039.998,"amount":0.01,"tid":92469251,"timestamp":1486522988},{"type":"ask","price":1039.998,"amount":0.01,"tid":92469250,"timestamp":1486522978},{"type":"bid","price":1040,"amount":0.01002,"tid":92469249,"timestamp":1486522969},{"type":"bid","price":1040,"amount":1.4039825,"tid":92469248,"timestamp":1486522955},{"type":"bid","price":1040,"amount":0.01,"tid":92469247,"timestamp":1486522955},{"type":"bid","price":1040,"amount":0.02432725,"tid":92469246,"timestamp":1486522955},{"type":"bid","price":1040,"amount":0.145,"tid":92469245,"timestamp":1486522955},{"type":"bid","price":1040,"amount":0.03,"tid":92469244,"timestamp":1486522955},{"type":"bid","price":1040,"amount":0.2059,"tid":92469243,"timestamp":1486522955},{"type":"bid","price":1040,"amount":0.08,"tid":92469242,"timestamp":1486522955},{"type":"bid","price":1040,"amount":0.02642897,"tid":92469241,"timestamp":1486522955},{"type":"bid","price":1040,"amount":0.11674929,"tid":92469240,"timestamp":1486522955},{"type":"bid","price":1040,"amount":0.1,"tid":92469239,"timestamp":1486522955},{"type":"bid","price":1040,"amount":7.85761199,"tid":92469238,"timestamp":1486522955},{"type":"bid","price":1040,"amount":2.14238801,"tid":92469236,"timestamp":1486522947},{"type":"bid","price":1040,"amount":0.05,"tid":92469235,"timestamp":1486522947},{"type":"bid","price":1040,"amount":0.03,"tid":92469234,"timestamp":1486522947},{"type":"bid","price":1040,"amount":0.03,"tid":92469233,"timestamp":1486522947},{"type":"bid","price":1040,"amount":0.01,"tid":92469232,"timestamp":1486522947},{"type":"bid","price":1040,"amount":0.0335196,"tid":92469231,"timestamp":1486522947},{"type":"bid","price":1040,"amount":0.0100352,"tid":92469230,"timestamp":1486522947},{"type":"bid","price":1040,"amount":0.01003,"tid":92469229,"timestamp":1486522947},{"type":"bid","price":1040,"amount":0.01003,"tid":92469228,"timestamp":1486522947},{"type":"bid","price":1040,"amount":0.1,"tid":92469227,"timestamp":1486522947},{"type":"bid","price":1040,"amount":0.05,"tid":92469226,"timestamp":1486522947},{"type":"bid","price":1040,"amount":0.1,"tid":92469225,"timestamp":1486522947},{"type":"bid","price":1040,"amount":0.04818475,"tid":92469224,"timestamp":1486522946},{"type":"bid","price":1040,"amount":0.01,"tid":92469223,"timestamp":1486522946},{"type":"bid","price":1040,"amount":0.26067662,"tid":92469222,"timestamp":1486522946},{"type":"bid","price":1040,"amount":5,"tid":92469221,"timestamp":1486522946},{"type":"bid","price":1040,"amount":3.69019675,"tid":92469220,"timestamp":1486522946},{"type":"bid","price":1039.999,"amount":0.01494007,"tid":92469219,"timestamp":1486522946},{"type":"bid","price":1039.999,"amount":8.399999,"tid":92469218,"timestamp":1486522946},{"type":"bid","price":1039.999,"amount":0.03,"tid":92469215,"timestamp":1486522941},{"type":"ask","price":1039.998,"amount":0.00107782,"tid":92469213,"timestamp":1486522940},{"type":"bid","price":1039.999,"amount":0.03,"tid":92469212,"timestamp":1486522940},{"type":"bid","price":1039.999,"amount":0.03,"tid":92469207,"timestamp":1486522940},{"type":"bid","price":1039.999,"amount":0.03,"tid":92469206,"timestamp":1486522939},{"type":"bid","price":1039.999,"amount":0.03,"tid":92469204,"timestamp":1486522939},{"type":"bid","price":1039.999,"amount":0.03,"tid":92469203,"timestamp":1486522939},{"type":"bid","price":1039.999,"amount":1.420001,"tid":92469202,"timestamp":1486522939},{"type":"bid","price":1039.999,"amount":0.02612699,"tid":92469201,"timestamp":1486522939},{"type":"bid","price":1039.999,"amount":0.05387201,"tid":92469200,"timestamp":1486522939},{"type":"bid","price":1039.999,"amount":0.01,"tid":92469198,"timestamp":1486522938},{"type":"ask","price":1039.998,"amount":0.11,"tid":92469195,"timestamp":1486522938},{"type":"bid","price":1039.998,"amount":0.06390939,"tid":92469194,"timestamp":1486522936},{"type":"ask","price":1039,"amount":0.01,"tid":92469191,"timestamp":1486522917},{"type":"ask","price":1039,"amount":0.01,"tid":92469190,"timestamp":1486522900},{"type":"ask","price":1039,"amount":0.12,"tid":92469180,"timestamp":1486522897},{"type":"bid","price":1039.998,"amount":0.01,"tid":92469174,"timestamp":1486522896},{"type":"bid","price":1039.998,"amount":0.02,"tid":92469172,"timestamp":1486522896},{"type":"bid","price":1039.998,"amount":0.03,"tid":92469171,"timestamp":1486522895},{"type":"bid","price":1039.998,"amount":0.03,"tid":92469170,"timestamp":1486522895},{"type":"bid","price":1039.998,"amount":0.01,"tid":92469168,"timestamp":1486522895},{"type":"bid","price":1039.998,"amount":0.01,"tid":92469165,"timestamp":1486522893},{"type":"ask","price":1039,"amount":0.04,"tid":92469164,"timestamp":1486522893},{"type":"ask","price":1039,"amount":0.1,"tid":92469163,"timestamp":1486522893},{"type":"ask","price":1039,"amount":0.01,"tid":92469162,"timestamp":1486522892},{"type":"ask","price":1039,"amount":0.01,"tid":92469161,"timestamp":1486522892},{"type":"ask","price":1039,"amount":0.01,"tid":92469159,"timestamp":1486522892},{"type":"bid","price":1039.998,"amount":0.05,"tid":92469157,"timestamp":1486522892},{"type":"ask","price":1039,"amount":0.02,"tid":92469156,"timestamp":1486522892},{"type":"ask","price":1039,"amount":0.01,"tid":92469155,"timestamp":1486522891},{"type":"ask","price":1039,"amount":0.01,"tid":92469154,"timestamp":1486522891},{"type":"ask","price":1039,"amount":0.02,"tid":92469153,"timestamp":1486522891},{"type":"ask","price":1039,"amount":0.01,"tid":92469152,"timestamp":1486522891},{"type":"bid","price":1039.998,"amount":0.04,"tid":92469151,"timestamp":1486522890},{"type":"bid","price":1039.998,"amount":0.04,"tid":92469150,"timestamp":1486522890},{"type":"ask","price":1039,"amount":0.01,"tid":92469148,"timestamp":1486522890},{"type":"ask","price":1039,"amount":0.03,"tid":92469146,"timestamp":1486522890},{"type":"ask","price":1039,"amount":0.01,"tid":92469144,"timestamp":1486522889},{"type":"ask","price":1039,"amount":0.03,"tid":92469142,"timestamp":1486522889},{"type":"ask","price":1039,"amount":0.01,"tid":92469141,"timestamp":1486522889},{"type":"ask","price":1039,"amount":0.01,"tid":92469140,"timestamp":1486522888},{"type":"ask","price":1039,"amount":0.01,"tid":92469138,"timestamp":1486522888},{"type":"bid","price":1039.998,"amount":0.02,"tid":92469137,"timestamp":1486522888},{"type":"ask","price":1039,"amount":0.01,"tid":92469136,"timestamp":1486522888},{"type":"ask","price":1039,"amount":0.03,"tid":92469135,"timestamp":1486522888},{"type":"bid","price":1039.998,"amount":0.09,"tid":92469134,"timestamp":1486522887},{"type":"bid","price":1039.998,"amount":0.02,"tid":92469133,"timestamp":1486522887},{"type":"ask","price":1039,"amount":0.03,"tid":92469130,"timestamp":1486522887},{"type":"ask","price":1039,"amount":0.01,"tid":92469127,"timestamp":1486522886},{"type":"bid","price":1039.998,"amount":0.03,"tid":92469126,"timestamp":1486522886},{"type":"bid","price":1039.998,"amount":0.03,"tid":92469125,"timestamp":1486522886},{"type":"bid","price":1039.998,"amount":0.01069061,"tid":92469124,"timestamp":1486522885},{"type":"bid","price":1039.998,"amount":0.01930939,"tid":92469123,"timestamp":1486522885},{"type":"bid","price":1039.998,"amount":0.03,"tid":92469122,"timestamp":1486522885},{"type":"bid","price":1039.998,"amount":0.04,"tid":92469121,"timestamp":1486522885},{"type":"ask","price":1039,"amount":0.12,"tid":92469120,"timestamp":1486522885},{"type":"bid","price":1039.998,"amount":0.06,"tid":92469119,"timestamp":1486522884},{"type":"bid","price":1039.998,"amount":0.03,"tid":92469115,"timestamp":1486522884},{"type":"ask","price":1039,"amount":0.0095156,"tid":92469113,"timestamp":1486522884},{"type":"bid","price":1039.998,"amount":0.03,"tid":92469112,"timestamp":1486522883},{"type":"bid","price":1039.998,"amount":0.03,"tid":92469111,"timestamp":1486522883},{"type":"bid","price":1039.998,"amount":0.03,"tid":92469110,"timestamp":1486522883},{"type":"bid","price":1039.998,"amount":0.03,"tid":92469109,"timestamp":1486522883},{"type":"ask","price":1039,"amount":0.03,"tid":92469108,"timestamp":1486522883},{"type":"ask","price":1039,"amount":0.06,"tid":92469107,"timestamp":1486522882},{"type":"ask","price":1039,"amount":0.15,"tid":92469106,"timestamp":1486522882},{"type":"bid","price":1039.998,"amount":0.03,"tid":92469105,"timestamp":1486522882},{"type":"bid","price":1039.998,"amount":0.01,"tid":92469071,"timestamp":1486522872},{"type":"bid","price":1039.998,"amount":0.01,"tid":92469068,"timestamp":1486522872},{"type":"bid","price":1039.998,"amount":0.01,"tid":92469067,"timestamp":1486522871},{"type":"ask","price":1038.194,"amount":0.02,"tid":92469064,"timestamp":1486522871},{"type":"ask","price":1038.194,"amount":0.00838959,"tid":92469061,"timestamp":1486522870},{"type":"ask","price":1039,"amount":0.00161041,"tid":92469060,"timestamp":1486522870},{"type":"ask","price":1039,"amount":0.01,"tid":92469052,"timestamp":1486522868},{"type":"ask","price":1039,"amount":0.01,"tid":92469051,"timestamp":1486522868},{"type":"ask","price":1039,"amount":0.01,"tid":92469050,"timestamp":1486522868},{"type":"ask","price":1039,"amount":0.01,"tid":92469049,"timestamp":1486522867}]}