[
  {
    "date": 1486524346,
    "date_ms": 1486524346955,
    "price": 1060.6400,
    "amount": 0.21050,
    "type": "buy",
    "tid": "784998"
  },
  {
    "date": 1486524328,
    "date_ms": 1486524328674,
    "price": 1060.6000,
    "amount": 0.48420,
    "type": "buy",
    "tid": "784997"
  },
  {
    "date": 1486524290,
    "date_ms": 1486524290081,
    "price": 1060.6700,
    "amount": 0.18470,
    "type": "buy",
    "tid": "784994"
  },
  {
    "date": 1486524265,
    "date_ms": 1486524265018,
    "price": 1060.6900,
    "amount": 0.45840,
    "type": "sell",
    "tid": "784992"
  },
  {
    "date": 1486524228,
    "date_ms": 1486524228394,
    "price": 1060.8000,
    "amount": 0.15890,
    "type": "sell",
    "tid": "784989"
  },
  {
    "date": 1486524194,
    "date_ms": 1486524194254,
    "price": 1060.8200,
    "amount": 0.43260,
    "type": "sell",
    "tid": "784986"
  },
  {
    "date": 1486524164,
    "date_ms": 1486524164411,
    "price": 1060.4900,
    "amount": 0.13310,
    "type": "buy",
    "tid": "784984"
  },
  {
    "date": 1486524143,
    "date_ms": 1486524143520,
    "price": 1060.6000,
    "amount": 0.40680,
    "type": "buy",
    "tid": "784982"
  },
  {
    "date": 1486524126,
    "date_ms": 1486524126927,
    "price": 1060.4800,
    "amount": 0.10780,
    "type": "buy",
    "tid": "784979"
  },
  {
    "date": 1486524085,
    "date_ms": 1486524085427,
    "price": 1060.6200,
    "amount": 0.38150,
    "type": "buy",
    "tid": "784977"
  },
  {
    "date": 1486524063,
    "date_ms": 1486524063084,
    "price": 1060.6100,
    "amount": 0.08200,
    "type": "buy",
    "tid": "784976"
  },
  {
    "date": 1486524046,
    "date_ms": 1486524046850,
    "price": 1060.4700,
    "amount": 0.35570,
    "type": "buy",
    "tid": "784974"
  },
  {
    "date": 1486524010,
    "date_ms": 1486524010054,
    "price": 1060.8800,
    "amount": 0.05620,
    "type": "sell",
    "tid": "784971"
  },
  {
    "date": 1486523985,
    "date_ms": 1486523985304,
    "price": 1060.5000,
    "amount": 0.32990,
    "type": "buy",
    "tid": "784969"
  },
  {
    "date": 1486523945,
    "date_ms": 1486523945523,
    "price": 1060.7300,
    "amount": 0.03040,
    "type": "sell",
    "tid": "784966"
  },
  {
    "date": 1486523918,
    "date_ms": 1486523918961,
    "price": 1060.7100,
    "amount": 0.30410,
    "type": "sell",
    "tid": "784964"
  },
  {
    "date": 1486523886,
    "date_ms": 1486523886649,
    "price": 1060.8400,
    "amount": 0.00450,
    "type": "sell",
    "tid": "784962"
  },
  {
    "date": 1486523858,
    "date_ms": 1486523858634,
    "price": 1060.7100,
    "amount": 0.27820,
    "type": "sell",
    "tid": "784959"
  },
  {
    "date": 1486523832,
    "date_ms": 1486523832572,
    "price": 1060.5800,
    "amount": 0.55250,
    "type": "buy",
    "tid": "784957"
  },
  {
    "date": 1486523804,
    "date_ms": 1486523804385,
    "price": 1060.8700,
    "amount": 0.25300,
    "type": "sell",
    "tid": "784956"
  },
  {
    "date": 1486523763,
    "date_ms": 1486523763292,
    "price": 1060.7600,
    "amount": 0.52670,
    "type": "sell",
    "tid": "784953"
  },
  {
    "date": 1486523734,
    "date_ms": 1486523734948,
    "price": 1060.8800,
    "amount": 0.22720,
    "type": "sell",
    "tid": "784949"
  },
  {
    "date": 1486523704,
    "date_ms": 1486523704011,
    "price": 1060.8500,
    "amount": 0.50090,
    "type": "sell",
    "tid": "784947"
  },
  {
    "date": 1486523683,
    "date_ms": 1486523683355,
    "price": 1060.5200,
    "amount": 0.20140,
    "type": "buy",
    "tid": "784945"
  },
  {
    "date": 1486523662,
    "date_ms": 1486523662168,
    "price": 1060.6200,
    "amount": 0.47510,
    "type": "buy",
    "tid": "784943"
  },
  {
    "date": 1486523638,
    "date_ms": 1486523638653,
    "price": 1060.8400,
    "amount": 0.17550,
    "type": "sell",
    "tid": "784941"
  },
  {
    "date": 1486523597,
    "date_ms": 1486523597482,
    "price": 1060.8600,
    "amount": 0.44920,
    "type": "sell",
    "tid": "784939"
  },
  {
    "date": 1486523572,
    "date_ms": 1486523572951,
    "price": 1060.5000,
    "amount": 0.14970,
    "type": "buy",
    "tid": "784936"
  },
  {
    "date": 1486523539,
    "date_ms": 1486523539826,
    "price": 1060.6900,
    "amount": 0.42340,
    "type": "sell",
    "tid": "784934"
  },
  {
    "date": 1486523508,
    "date_ms": 1486523508749,
    "price": 1060.7200,
    "amount": 0.18710,
    "type": "sell",
    "tid": "784931"
  },
  {
    "date": 1486523472,
    "date_ms": 1486523472343,
    "price": 1060.4700,
    "amount": 0.08260,
    "type": "buy",
    "tid": "784928"
  },
  {
    "date": 1486523439,
    "date_ms": 1486523439828,
    "price": 1060.7600,
    "amount": 0.17830,
    "type": "sell",
    "tid": "784926"
  },
  {
    "date": 1486523417,
    "date_ms": 1486523417594,
    "price": 1060.7200,
    "amount": 0.07360,
    "type": "sell",
    "tid": "784924"
  },
  {
    "date": 1486523380,
    "date_ms": 1486523380485,
    "price": 1060.5100,
    "amount": 0.16930,
    "type": "buy",
    "tid": "784921"
  },
  {
    "date": 1486523344,
    "date_ms": 1486523344282,
    "price": 1060.4800,
    "amount": 0.06450,
    "type": "buy",
    "tid": "784918"
  },
  {
    "date": 1486523319,
    "date_ms": 1486523319752,
    "price": 1060.4800,
    "amount": 0.16020,
    "type": "buy",
    "tid": "784916"
  },
  {
    "date": 1486523288,
    "date_ms": 1486523288549,
    "price": 1060.8600,
    "amount": 0.05550,
    "type": "sell",
    "tid": "784914"
  },
  {
    "date": 1486523259,
    "date_ms": 1486523259502,
    "price": 1060.6700,
    "amount": 0.15120,
    "type": "buy",
    "tid": "784911"
  },
  {
    "date": 1486523236,
    "date_ms": 1486523236393,
    "price": 1060.6400,
    "amount": 0.04650,
    "type": "buy",
    "tid": "784909"
  },
  {
    "date": 1486523195,
    "date_ms": 1486523195113,
    "price": 1060.4800,
    "amount": 0.14220,
    "type": "buy",
    "tid": "784907"
  },
  {
    "date": 1486523170,
    "date_ms": 1486523170723,
    "price": 1060.6900,
    "amount": 0.03770,
    "type": "sell",
    "tid": "784905"
  },
  {
    "date": 1486523144,
    "date_ms": 1486523144004,
    "price": 1060.7800,
    "amount": 0.13340,
    "type": "sell",
    "tid": "784901"
  },
  {
    "date": 1486523109,
    "date_ms": 1486523109630,
    "price": 1060.5900,
    "amount": 0.02860,
    "type": "buy",
    "tid": "784900"
  },
  {
    "date": 1486523089,
    "date_ms": 1486523089927,
    "price": 1060.7000,
    "amount": 0.12430,
    "type": "sell",
    "tid": "784898"
  },
  {
    "date": 1486523049,
    "date_ms": 1486523049912,
    "price": 1060.7900,
    "amount": 0.01960,
    "type": "sell",
    "tid": "784895"
  },
  {
    "date": 1486523014,
    "date_ms": 1486523014366,
    "price": 1060.6500,
    "amount": 0.11530,
    "type": "buy",
    "tid": "784893"
  },
  {
    "date": 1486522993,
    "date_ms": 1486522993288,
    "price": 1060.6600,
    "amount": 0.01060,
    "type": "buy",
    "tid": "784891"
  },
  {
    "date": 1486522962,
    "date_ms": 1486522962851,
    "price": 1060.8600,
    "amount": 0.10630,
    "type": "sell",
    "tid": "784888"
  },
  {
    "date": 1486522932,
    "date_ms": 1486522932804,
    "price": 1060.8000,
    "amount": 0.00160,
    "type": "sell",
    "tid": "784885"
  },
  {
    "date": 1486522917,
    "date_ms": 1486522917555,
    "price": 1060.6400,
    "amount": 0.09720,
    "type": "buy",
    "tid": "784884"
  },
  {
    "date": 1486522894,
    "date_ms": 1486522894492,
    "price": 1060.8400,
    "amount": 0.19310,
    "type": "sell",
    "tid": "784882"
  },
  {
    "date": 1486522877,
    "date_ms": 1486522877133,
    "price": 1060.8300,
    "amount": 0.08840,
    "type": "sell",
    "tid": "784880"
  },
  {
    "date": 1486522854,
    "date_ms": 1486522854321,
    "price": 1060.7100,
    "amount": 0.18410,
    "type": "sell",
    "tid": "784878"
  },
  {
    "date": 1486522824,
    "date_ms": 1486522824025,
    "price": 1060.7100,
    "amount": 0.07940,
    "type": "sell",
    "tid": "784875"
  },
  {
    "date": 1486522794,
    "date_ms": 1486522794056,
    "price": 1060.7000,
    "amount": 0.17510,
    "type": "sell",
    "tid": "784873"
  },
  {
    "date": 1486522757,
    "date_ms": 1486522757619,
    "price": 1060.7800,
    "amount": 0.07040,
    "type": "sell",
    "tid": "784871"
  },
  {
    "date": 1486522718,
    "date_ms": 1486522718339,
    "price": 1060.8300,
    "amount": 0.16610,
    "type": "sell",
    "tid": "784868"
  },
  {
    "date": 1486522686,
    "date_ms": 1486522686011,
    "price": 1060.7900,
    "amount": 0.06130,
    "type": "sell",
    "tid": "784865"
  },
  {
    "date": 1486522654,
    "date_ms": 1486522654105,
    "price": 1060.4700,
    "amount": 0.15700,
    "type": "buy",
    "tid": "784864"
  },
  {
    "date": 1486522614,
    "date_ms": 1486522614044,
    "price": 1060.6600,
    "amount": 0.05230,
    "type": "buy",
    "tid": "784860"
  },
  {
    "date": 1486522577,
    "date_ms": 1486522577935,
    "price": 1060.5100,
    "amount": 0.14800,
    "type": "buy",
    "tid": "784858"
  },
  {
    "date": 1486522558,
    "date_ms": 1486522558451,
    "price": 1060.5600,
    "amount": 0.04350,
    "type": "buy",
    "tid": "784857"
  },
  {
    "date": 1486522518,
    "date_ms": 1486522518951,
    "price": 1060.5800,
    "amount": 0.13140,
    "type": "buy",
    "tid": "784853"
  },
  {
    "date": 1486522485,
    "date_ms": 1486522485186,
    "price": 1060.5800,
    "amount": 0.30230,
    "type": "buy",
    "tid": "784851"
  },
  {
    "date": 1486522458,
    "date_ms": 1486522458108,
    "price": 1060.5800,
    "amount": 0.11530,
    "type": "buy",
    "tid": "784850"
  },
  {
    "date": 1486522419,
    "date_ms": 1486522419265,
    "price": 1060.8000,
    "amount": 0.28620,
    "type": "sell",
    "tid": "784846"
  },
  {
    "date": 1486522398,
    "date_ms": 1486522398781,
    "price": 1060.7500,
    "amount": 0.09920,
    "type": "sell",
    "tid": "784845"
  },
  {
    "date": 1486522363,
    "date_ms": 1486522363750,
    "price": 1060.4700,
    "amount": 0.27010,
    "type": "buy",
    "tid": "784843"
  },
  {
    "date": 1486522322,
    "date_ms": 1486522322610,
    "price": 1060.6600,
    "amount": 0.08310,
    "type": "buy",
    "tid": "784840"
  },
  {
    "date": 1486522307,
    "date_ms": 1486522307845,
    "price": 1060.8800,
    "amount": 0.25390,
    "type": "sell",
    "tid": "784839"
  },
  {
    "date": 1486522286,
    "date_ms": 1486522286642,
    "price": 1060.6100,
    "amount": 0.06730,
    "type": "buy",
    "tid": "784836"
  },
  {
    "date": 1486522255,
    "date_ms": 1486522255236,
    "price": 1060.6900,
    "amount": 0.23820,
    "type": "sell",
    "tid": "784833"
  },
  {
    "date": 1486522213,
    "date_ms": 1486522213862,
    "price": 1060.7000,
    "amount": 0.05120,
    "type": "sell",
    "tid": "784831"
  },
  {
    "date": 1486522193,
    "date_ms": 1486522193378,
    "price": 1060.5600,
    "amount": 0.22210,
    "type": "buy",
    "tid": "784829"
  },
  {
    "date": 1486522170,
    "date_ms": 1486522170800,
    "price": 1060.7300,
    "amount": 0.03510,
    "type": "sell",
    "tid": "784827"
  },
  {
    "date": 1486522155,
    "date_ms": 1486522155035,
    "price": 1060.5600,
    "amount": 0.20590,
    "type": "buy",
    "tid": "784825"
  },
  {
    "date": 1486522113,
    "date_ms": 1486522113379,
    "price": 1060.8400,
    "amount": 0.01890,
    "type": "sell",
    "tid": "784822"
  },
  {
    "date": 1486522079,
    "date_ms": 1486522079442,
    "price": 1060.5200,
    "amount": 0.18980,
    "type": "buy",
    "tid": "784819"
  },
  {
    "date": 1486522061,
    "date_ms": 1486522061739,
    "price": 1060.8000,
    "amount": 0.00280,
    "type": "sell",
    "tid": "784817"
  },
  {
    "date": 1486522028,
    "date_ms": 1486522028224,
    "price": 1060.7800,
    "amount": 0.17370,
    "type": "sell",
    "tid": "784815"
  },
  {
    "date": 1486521989,
    "date_ms": 1486521989194,
    "price": 1060.8400,
    "amount": 0.34490,
    "type": "sell",
    "tid": "784812"
  },
  {
    "date": 1486521960,
    "date_ms": 1486521960366,
    "price": 1060.8700,
    "amount": 0.15790,
    "type": "sell",
    "tid": "784811"
  },
  {
    "date": 1486521924,
    "date_ms": 1486521924413,
    "price": 1060.5400,
    "amount": 0.32880,
    "type": "buy",
    "tid": "784807"
  },
  {
    "date": 1486521882,
    "date_ms": 1486521882789,
    "price": 1060.8600,
    "amount": 0.14180,
    "type": "sell",
    "tid": "784805"
  },
  {
    "date": 1486521859,
    "date_ms": 1486521859305,
    "price": 1060.7400,
    "amount": 0.31270,
    "type": "sell",
    "tid": "784803"
  },
  {
    "date": 1486521822,
    "date_ms": 1486521822540,
    "price": 1060.5400,
    "amount": 0.12570,
    "type": "buy",
    "tid": "784799"
  },
  {
    "date": 1486521793,
    "date_ms": 1486521793072,
    "price": 1060.6400,
    "amount": 0.29660,
    "type": "buy",
    "tid": "784798"
  },
  {
    "date": 1486521765,
    "date_ms": 1486521765822,
    "price": 1060.5000,
    "amount": 0.10960,
    "type": "buy",
    "tid": "784796"
  },
  {
    "date": 1486521723,
    "date_ms": 1486521723526,
    "price": 1060.8000,
    "amount": 0.28050,
    "type": "sell",
    "tid": "784793"
  },
  {
    "date": 1486521680,
    "date_ms": 1486521680933,
    "price": 1060.8100,
    "amount": 0.09350,
    "type": "sell",
    "tid": "784790"
  },
  {
    "date": 1486521642,
    "date_ms": 1486521642605,
    "price": 1060.5900,
    "amount": 0.26430,
    "type": "buy",
    "tid": "784786"
  },
  {
    "date": 1486521608,
    "date_ms": 1486521608934,
    "price": 1060.7100,
    "amount": 0.07770,
    "type": "sell",
    "tid": "784784"
  },
  {
    "date": 1486521586,
    "date_ms": 1486521586512,
    "price": 1060.8300,
    "amount": 0.24860,
    "type": "sell",
    "tid": "784781"
  },
  {
    "date": 1486521558,
    "date_ms": 1486521558325,
    "price": 1060.8600,
    "amount": 0.01750,
    "type": "sell",
    "tid": "784779"
  },
  {
    "date": 1486521512,
    "date_ms": 1486521512154,
    "price": 1060.7500,
    "amount": 0.04020,
    "type": "sell",
    "tid": "784777"
  },
  {
    "date": 1486521473,
    "date_ms": 1486521473139,
    "price": 1060.4700,
    "amount": 0.01530,
    "type": "buy",
    "tid": "784773"
  },
  {
    "date": 1486521457,
    "date_ms": 1486521457233,
    "price": 1060.8100,
    "amount": 0.03810,
    "type": "sell",
    "tid": "784771"
  },
  {
    "date": 1486521423,
    "date_ms": 1486521423015,
    "price": 1060.7400,
    "amount": 0.01320,
    "type": "sell",
    "tid": "784769"
  },
  {
    "date": 1486521407,
    "date_ms": 1486521407140,
    "price": 1060.5800,
    "amount": 0.03590,
    "type": "buy",
    "tid": "784768"
  },
  {
    "date": 1486521387,
    "date_ms": 1486521387343,
    "price": 1060.5900,
    "amount": 0.01100,
    "type": "buy",
    "tid": "784765"
  },
  {
    "date": 1486521353,
    "date_ms": 1486521353375,
    "price": 1060.4700,
    "amount": 0.03380,
    "type": "buy",
    "tid": "784763"
  },
  {
    "date": 1486521329,
    "date_ms": 1486521329626,
    "price": 1060.7700,
    "amount": 0.00890,
    "type": "sell",
    "tid": "784762"
  },
  {
    "date": 1486521295,
    "date_ms": 1486521295376,
    "price": 1060.4800,
    "amount": 0.03170,
    "type": "buy",
    "tid": "784759"
  },
  {
    "date": 1486521244,
    "date_ms": 1486521244971,
    "price": 1060.6800,
    "amount": 0.00680,
    "type": "sell",
    "tid": "784757"
  },
  {
    "date": 1486521217,
    "date_ms": 1486521217643,
    "price": 1060.7800,
    "amount": 0.02950,
    "type": "sell",
    "tid": "784755"
  },
  {
    "date": 1486521182,
    "date_ms": 1486521182909,
    "price": 1060.7100,
    "amount": 0.00460,
    "type": "sell",
    "tid": "784752"
  },
  {
    "date": 1486521147,
    "date_ms": 1486521147941,
    "price": 1060.7800,
    "amount": 0.02740,
    "type": "sell",
    "tid": "784750"
  },
  {
    "date": 1486521117,
    "date_ms": 1486521117269,
    "price": 1060.5400,
    "amount": 0.00250,
    "type": "buy",
    "tid": "784747"
  },
  {
    "date": 1486521095,
    "date_ms": 1486521095317,
    "price": 1060.7500,
    "amount": 0.02530,
    "type": "sell",
    "tid": "784745"
  },
  {
    "date": 1486521022,
    "date_ms": 1486521022162,
    "price": 1060.6500,
    "amount": 0.02310,
    "type": "buy",
    "tid": "784741"
  },
  {
    "date": 1486520977,
    "date_ms": 1486520977100,
    "price": 1060.8200,
    "amount": 0.04590,
    "type": "sell",
    "tid": "784738"
  },
  {
    "date": 1486520945,
    "date_ms": 1486520945116,
    "price": 1060.7100,
    "amount": 0.02100,
    "type": "sell",
    "tid": "784736"
  },
  {
    "date": 1486520904,
    "date_ms": 1486520904601,
    "price": 1060.5100,
    "amount": 0.04380,
    "type": "buy",
    "tid": "784732"
  },
  {
    "date": 1486520874,
    "date_ms": 1486520874148,
    "price": 1060.7500,
    "amount": 0.01890,
    "type": "sell",
    "tid": "784730"
  },
  {
    "date": 1486520849,
    "date_ms": 1486520849508,
    "price": 1060.7100,
    "amount": 0.04160,
    "type": "sell",
    "tid": "784726"
  },
  {
    "date": 1486520821,
    "date_ms": 1486520821368,
    "price": 1060.7800,
    "amount": 0.01670,
    "type": "sell",
    "tid": "784723"
  },
  {
    "date": 1486520788,
    "date_ms": 1486520788353,
    "price": 1060.8400,
    "amount": 0.03950,
    "type": "sell",
    "tid": "784721"
  },
  {
    "date": 1486520760,
    "date_ms": 1486520760353,
    "price": 1060.7000,
    "amount": 0.01460,
    "type": "sell",
    "tid": "784719"
  },
  {
    "date": 1486520745,
    "date_ms": 1486520745556,
    "price": 1060.6600,
    "amount": 0.03730,
    "type": "buy",
    "tid": "784716"
  },
  {
    "date": 1486520728,
    "date_ms": 1486520728182,
    "price": 1060.5000,
    "amount": 0.01240,
    "type": "buy",
    "tid": "784715"
  },
  {
    "date": 1486520706,
    "date_ms": 1486520706869,
    "price": 1060.6300,
    "amount": 0.03520,
    "type": "buy",
    "tid": "784713"
  },
  {
    "date": 1486520671,
    "date_ms": 1486520671932,
    "price": 1060.5600,
    "amount": 0.01030,
    "type": "buy",
    "tid": "784709"
  },
  {
    "date": 1486520653,
    "date_ms": 1486520653495,
    "price": 1060.7900,
    "amount": 0.03310,
    "type": "sell",
    "tid": "784707"
  },
  {
    "date": 1486520626,
    "date_ms": 1486520626574,
    "price": 1060.6200,
    "amount": 0.00820,
    "type": "buy",
    "tid": "784705"
  },
  {
    "date": 1486520591,
    "date_ms": 1486520591793,
    "price": 1060.5700,
    "amount": 0.03920,
    "type": "buy",
    "tid": "784703"
  },
  {
    "date": 1486520569,
    "date_ms": 1486520569200,
    "price": 1060.8700,
    "amount": 0.08470,
    "type": "sell",
    "tid": "784701"
  },
  {
    "date": 1486520541,
    "date_ms": 1486520541528,
    "price": 1060.8200,
    "amount": 0.03490,
    "type": "sell",
    "tid": "784699"
  },
  {
    "date": 1486520508,
    "date_ms": 1486520508638,
    "price": 1060.6200,
    "amount": 0.08040,
    "type": "buy",
    "tid": "784697"
  },
  {
    "date": 1486520470,
    "date_ms": 1486520470061,
    "price": 1060.8200,
    "amount": 0.03060,
    "type": "sell",
    "tid": "784694"
  },
  {
    "date": 1486520445,
    "date_ms": 1486520445014,
    "price": 1060.6600,
    "amount": 0.07610,
    "type": "buy",
    "tid": "784692"
  },
  {
    "date": 1486520421,
    "date_ms": 1486520421874,
    "price": 1060.5700,
    "amount": 0.02630,
    "type": "buy",
    "tid": "784689"
  },
  {
    "date": 1486520399,
    "date_ms": 1486520399765,
    "price": 1060.5700,
    "amount": 0.07180,
    "type": "buy",
    "tid": "784687"
  },
  {
    "date": 1486520378,
    "date_ms": 1486520378265,
    "price": 1060.6900,
    "amount": 0.02210,
    "type": "sell",
    "tid": "784686"
  },
  {
    "date": 1486520363,
    "date_ms": 1486520363843,
    "price": 1060.8200,
    "amount": 0.06750,
    "type": "sell",
    "tid": "784683"
  },
  {
    "date": 1486520331,
    "date_ms": 1486520331594,
    "price": 1060.7300,
    "amount": 0.01790,
    "type": "sell",
    "tid": "784681"
  },
  {
    "date": 1486520289,
    "date_ms": 1486520289798,
    "price": 1060.4700,
    "amount": 0.06330,
    "type": "buy",
    "tid": "784679"
  },
  {
    "date": 1486520262,
    "date_ms": 1486520262954,
    "price": 1060.6900,
    "amount": 0.01360,
    "type": "sell",
    "tid": "784677"
  },
  {
    "date": 1486520227,
    "date_ms": 1486520227424,
    "price": 1060.5100,
    "amount": 0.05900,
    "type": "buy",
    "tid": "784674"
  },
  {
    "date": 1486520210,
    "date_ms": 1486520210846,
    "price": 1060.7200,
    "amount": 0.00930,
    "type": "sell",
    "tid": "784672"
  },
  {
    "date": 1486520169,
    "date_ms": 1486520169284,
    "price": 1060.5100,
    "amount": 0.05470,
    "type": "buy",
    "tid": "784668"
  },
  {
    "date": 1486520147,
    "date_ms": 1486520147159,
    "price": 1060.6700,
    "amount": 0.00500,
    "type": "buy",
    "tid": "784666"
  },
  {
    "date": 1486520115,
    "date_ms": 1486520115175,
    "price": 1060.5700,
    "amount": 0.05050,
    "type": "buy",
    "tid": "784665"
  },
  {
    "date": 1486520054,
    "date_ms": 1486520054614,
    "price": 1060.8000,
    "amount": 0.04620,
    "type": "sell",
    "tid": "784661"
  },
  {
    "date": 1486520010,
    "date_ms": 1486520010927,
    "price": 1060.5200,
    "amount": 0.09170,
    "type": "buy",
    "tid": "784658"
  },
  {
    "date": 1486519990,
    "date_ms": 1486519990349,
    "price": 1060.8800,
    "amount": 0.04200,
    "type": "sell",
    "tid": "784657"
  },
  {
    "date": 1486519958,
    "date_ms": 1486519958475,
    "price": 1060.8000,
    "amount": 0.08740,
    "type": "sell",
    "tid": "784654"
  },
  {
    "date": 1486519941,
    "date_ms": 1486519941569,
    "price": 1060.8300,
    "amount": 0.03770,
    "type": "sell",
    "tid": "784652"
  },
  {
    "date": 1486519908,
    "date_ms": 1486519908944,
    "price": 1060.5100,
    "amount": 0.08310,
    "type": "buy",
    "tid": "784649"
  },
  {
    "date": 1486519880,
    "date_ms": 1486519880241,
    "price": 1060.7600,
    "amount": 0.03340,
    "type": "sell",
    "tid": "784647"
  },
  {
    "date": 1486519841,
    "date_ms": 1486519841789,
    "price": 1060.4700,
    "amount": 0.07890,
    "type": "buy",
    "tid": "784645"
  },
  {
    "date": 1486519816,
    "date_ms": 1486519816242,
    "price": 1060.5700,
    "amount": 0.02910,
    "type": "buy",
    "tid": "784642"
  },
  {
    "date": 1486519781,
    "date_ms": 1486519781259,
    "price": 1060.4700,
    "amount": 0.07460,
    "type": "buy",
    "tid": "784640"
  },
  {
    "date": 1486519767,
    "date_ms": 1486519767556,
    "price": 1060.6200,
    "amount": 0.02480,
    "type": "buy",
    "tid": "784639"
  },
  {
    "date": 1486519742,
    "date_ms": 1486519742087,
    "price": 1060.4700,
    "amount": 0.07030,
    "type": "buy",
    "tid": "784636"
  },
  {
    "date": 1486519707,
    "date_ms": 1486519707635,
    "price": 1060.7800,
    "amount": 0.02060,
    "type": "sell",
    "tid": "784634"
  },
  {
    "date": 1486519681,
    "date_ms": 1486519681010,
    "price": 1060.6800,
    "amount": 0.06610,
    "type": "sell",
    "tid": "784632"
  },
  {
    "date": 1486519662,
    "date_ms": 1486519662151,
    "price": 1060.7600,
    "amount": 0.01630,
    "type": "sell",
    "tid": "784631"
  },
  {
    "date": 1486519629,
    "date_ms": 1486519629933,
    "price": 1060.6700,
    "amount": 0.06180,
    "type": "buy",
    "tid": "784628"
  },
  {
    "date": 1486519601,
    "date_ms": 1486519601230,
    "price": 1060.7500,
    "amount": 0.00190,
    "type": "sell",
    "tid": "784626"
  },
  {
    "date": 1486519565,
    "date_ms": 1486519565340,
    "price": 1060.8800,
    "amount": 0.00410,
    "type": "sell",
    "tid": "784623"
  },
  {
    "date": 1486519522,
    "date_ms": 1486519522091,
    "price": 1060.8500,
    "amount": 0.00170,
    "type": "sell",
    "tid": "784619"
  },
  {
    "date": 1486519505,
    "date_ms": 1486519505247,
    "price": 1060.5900,
    "amount": 0.00390,
    "type": "buy",
    "tid": "784618"
  },
  {
    "date": 1486519467,
    "date_ms": 1486519467795,
    "price": 1060.7500,
    "amount": 0.00140,
    "type": "sell",
    "tid": "784616"
  },
  {
    "date": 1486519432,
    "date_ms": 1486519432654,
    "price": 1060.5700,
    "amount": 0.00370,
    "type": "buy",
    "tid": "784612"
  },
  {
    "date": 1486519407,
    "date_ms": 1486519407327,
    "price": 1060.7300,
    "amount": 0.00120,
    "type": "sell",
    "tid": "784610"
  },
  {
    "date": 1486519378,
    "date_ms": 1486519378499,
    "price": 1060.7100,
    "amount": 0.00350,
    "type": "sell",
    "tid": "784608"
  },
  {
    "date": 1486519339,
    "date_ms": 1486519339312,
    "price": 1060.7400,
    "amount": 0.00100,
    "type": "sell",
    "tid": "784605"
  },
  {
    "date": 1486519315,
    "date_ms": 1486519315203,
    "price": 1060.7800,
    "amount": 0.00320,
    "type": "sell",
    "tid": "784603"
  },
  {
    "date": 1486519250,
    "date_ms": 1486519250407,
    "price": 1060.6500,
    "amount": 0.00300,
    "type": "buy",
    "tid": "784600"
  },
  {
    "date": 1486519194,
    "date_ms": 1486519194627,
    "price": 1060.4700,
    "amount": 0.00280,
    "type": "buy",
    "tid": "784596"
  },
  {
    "date": 1486519142,
    "date_ms": 1486519142378,
    "price": 1060.4900,
    "amount": 0.00260,
    "type": "buy",
    "tid": "784592"
  },
  {
    "date": 1486519084,
    "date_ms": 1486519084894,
    "price": 1060.6800,
    "amount": 0.00240,
    "type": "sell",
    "tid": "784589"
  },
  {
    "date": 1486519047,
    "date_ms": 1486519047488,
    "price": 1060.5700,
    "amount": 0.00220,
    "type": "buy",
    "tid": "784586"
  },
  {
    "date": 1486519020,
    "date_ms": 1486519020942,
    "price": 1060.8000,
    "amount": 0.00440,
    "type": "sell",
    "tid": "784584"
  },
  {
    "date": 1486518993,
    "date_ms": 1486518993442,
    "price": 1060.7100,
    "amount": 0.00200,
    "type": "sell",
    "tid": "784583"
  },
  {
    "date": 1486518969,
    "date_ms": 1486518969865,
    "price": 1060.7200,
    "amount": 0.00420,
    "type": "sell",
    "tid": "784581"
  },
  {
    "date": 1486518953,
    "date_ms": 1486518953287,
    "price": 1060.5800,
    "amount": 0.00180,
    "type": "buy",
    "tid": "784580"
  },
  {
    "date": 1486518924,
    "date_ms": 1486518924725,
    "price": 1060.5400,
    "amount": 0.00400,
    "type": "buy",
    "tid": "784577"
  },
  {
    "date": 1486518897,
    "date_ms": 1486518897413,
    "price": 1060.7400,
    "amount": 0.00160,
    "type": "sell",
    "tid": "784575"
  },
  {
    "date": 1486518879,
    "date_ms": 1486518879679,
    "price": 1060.4700,
    "amount": 0.00380,
    "type": "buy",
    "tid": "784573"
  },
  {
    "date": 1486518860,
    "date_ms": 1486518860648,
    "price": 1060.4700,
    "amount": 0.00140,
    "type": "buy",
    "tid": "784571"
  },
  {
    "date": 1486518840,
    "date_ms": 1486518840898,
    "price": 1060.7500,
    "amount": 0.00360,
    "type": "sell",
    "tid": "784570"
  },
  {
    "date": 1486518812,
    "date_ms": 1486518812414,
    "price": 1060.5600,
    "amount": 0.00120,
    "type": "buy",
    "tid": "784567"
  },
  {
    "date": 1486518793,
    "date_ms": 1486518793524,
    "price": 1060.6600,
    "amount": 0.00340,
    "type": "buy",
    "tid": "784566"
  },
  {
    "date": 1486518757,
    "date_ms": 1486518757743,
    "price": 1060.6800,
    "amount": 0.00100,
    "type": "sell",
    "tid": "784564"
  },
  {
    "date": 1486518718,
    "date_ms": 1486518718056,
    "price": 1060.7000,
    "amount": 0.00320,
    "type": "sell",
    "tid": "784561"
  },
  {
    "date": 1486518680,
    "date_ms": 1486518680682,
    "price": 1060.7600,
    "amount": 0.00300,
    "type": "sell",
    "tid": "784558"
  },
  {
    "date": 1486518625,
    "date_ms": 1486518625339,
    "price": 1060.6800,
    "amount": 0.01320,
    "type": "sell",
    "tid": "784554"
  },
  {
    "date": 1486518602,
    "date_ms": 1486518602480,
    "price": 1060.4900,
    "amount": 0.03030,
    "type": "buy",
    "tid": "784552"
  },
  {
    "date": 1486518565,
    "date_ms": 1486518565215,
    "price": 1060.6000,
    "amount": 0.01150,
    "type": "buy",
    "tid": "784550"
  },
  {
    "date": 1486518540,
    "date_ms": 1486518540715,
    "price": 1060.7800,
    "amount": 0.02870,
    "type": "sell",
    "tid": "784548"
  },
  {
    "date": 1486518518,
    "date_ms": 1486518518856,
    "price": 1060.7800,
    "amount": 0.00990,
    "type": "sell",
    "tid": "784545"
  },
  {
    "date": 1486518493,
    "date_ms": 1486518493434,
    "price": 1060.5700,
    "amount": 0.02710,
    "type": "buy",
    "tid": "784544"
  },
  {
    "date": 1486518458,
    "date_ms": 1486518458810,
    "price": 1060.7300,
    "amount": 0.00830,
    "type": "sell",
    "tid": "784532"
  },
  {
    "date": 1486518416,
    "date_ms": 1486518416061,
    "price": 1060.8200,
    "amount": 0.02550,
    "type": "sell",
    "tid": "784530"
  },
  {
    "date": 1486518398,
    "date_ms": 1486518398498,
    "price": 1060.5100,
    "amount": 0.00670,
    "type": "buy",
    "tid": "784528"
  },
  {
    "date": 1486518362,
    "date_ms": 1486518362436,
    "price": 1060.8100,
    "amount": 0.02390,
    "type": "sell",
    "tid": "784526"
  },
  {
    "date": 1486518336,
    "date_ms": 1486518336359,
    "price": 1060.8100,
    "amount": 0.00510,
    "type": "sell",
    "tid": "784524"
  },
  {
    "date": 1486518312,
    "date_ms": 1486518312015,
    "price": 1060.5000,
    "amount": 0.02230,
    "type": "buy",
    "tid": "784523"
  },
  {
    "date": 1486518291,
    "date_ms": 1486518291594,
    "price": 1060.8100,
    "amount": 0.00350,
    "type": "sell",
    "tid": "784521"
  },
  {
    "date": 1486518261,
    "date_ms": 1486518261516,
    "price": 1060.4800,
    "amount": 0.02060,
    "type": "buy",
    "tid": "784519"
  },
  {
    "date": 1486518245,
    "date_ms": 1486518245235,
    "price": 1060.5100,
    "amount": 0.00190,
    "type": "buy",
    "tid": "784518"
  },
  {
    "date": 1486518224,
    "date_ms": 1486518224563,
    "price": 1060.8400,
    "amount": 0.01900,
    "type": "sell",
    "tid": "784516"
  },
  {
    "date": 1486518150,
    "date_ms": 1486518150674,
    "price": 1060.5600,
    "amount": 0.01740,
    "type": "buy",
    "tid": "784512"
  },
  {
    "date": 1486518112,
    "date_ms": 1486518112893,
    "price": 1060.6000,
    "amount": 0.03460,
    "type": "buy",
    "tid": "784510"
  },
  {
    "date": 1486518089,
    "date_ms": 1486518089394,
    "price": 1060.8300,
    "amount": 0.01580,
    "type": "sell",
    "tid": "784508"
  },
  {
    "date": 1486518046,
    "date_ms": 1486518046379,
    "price": 1060.8600,
    "amount": 0.01420,
    "type": "sell",
    "tid": "784504"
  },
  {
    "date": 1486518028,
    "date_ms": 1486518028535,
    "price": 1060.8300,
    "amount": 0.03140,
    "type": "sell",
    "tid": "784502"
  },
  {
    "date": 1486517860,
    "date_ms": 1486517860538,
    "price": 1059.4300,
    "amount": 0.00930,
    "type": "buy",
    "tid": "784496"
  },
  {
    "date": 1486517842,
    "date_ms": 1486517842241,
    "price": 1059.6300,
    "amount": 0.02650,
    "type": "buy",
    "tid": "784495"
  },
  {
    "date": 1486517819,
    "date_ms": 1486517819304,
    "price": 1058.8100,
    "amount": 0.00780,
    "type": "buy",
    "tid": "784493"
  },
  {
    "date": 1486517798,
    "date_ms": 1486517798226,
    "price": 1059.2500,
    "amount": 0.02490,
    "type": "buy",
    "tid": "784492"
  },
  {
    "date": 1486517761,
    "date_ms": 1486517761727,
    "price": 1060.3700,
    "amount": 0.00610,
    "type": "sell",
    "tid": "784489"
  },
  {
    "date": 1486517728,
    "date_ms": 1486517728415,
    "price": 1060.4800,
    "amount": 0.02330,
    "type": "sell",
    "tid": "784488"
  },
  {
    "date": 1486517693,
    "date_ms": 1486517693962,
    "price": 1060.0600,
    "amount": 0.00450,
    "type": "sell",
    "tid": "784486"
  },
  {
    "date": 1486517660,
    "date_ms": 1486517660260,
    "price": 1060.5100,
    "amount": 0.02170,
    "type": "sell",
    "tid": "784484"
  },
  {
    "date": 1486517599,
    "date_ms": 1486517599307,
    "price": 1059.3900,
    "amount": 0.00330,
    "type": "buy",
    "tid": "784482"
  },
  {
    "date": 1486517565,
    "date_ms": 1486517565948,
    "price": 1059.6300,
    "amount": 0.00910,
    "type": "buy",
    "tid": "784480"
  },
  {
    "date": 1486517532,
    "date_ms": 1486517532090,
    "price": 1059.3000,
    "amount": 0.00280,
    "type": "buy",
    "tid": "784478"
  },
  {
    "date": 1486517508,
    "date_ms": 1486517508762,
    "price": 1059.6300,
    "amount": 0.00860,
    "type": "buy",
    "tid": "784475"
  },
  {
    "date": 1486517475,
    "date_ms": 1486517475309,
    "price": 1059.9700,
    "amount": 0.00220,
    "type": "sell",
    "tid": "784473"
  },
  {
    "date": 1486517455,
    "date_ms": 1486517455388,
    "price": 1059.9000,
    "amount": 0.00800,
    "type": "buy",
    "tid": "784470"
  },
  {
    "date": 1486517431,
    "date_ms": 1486517431607,
    "price": 1060.1900,
    "amount": 0.00170,
    "type": "sell",
    "tid": "784468"
  },
  {
    "date": 1486517395,
    "date_ms": 1486517395982,
    "price": 1059.8200,
    "amount": 0.00750,
    "type": "buy",
    "tid": "784465"
  },
  {
    "date": 1486517374,
    "date_ms": 1486517374701,
    "price": 1059.8300,
    "amount": 0.00110,
    "type": "sell",
    "tid": "784463"
  },
  {
    "date": 1486517343,
    "date_ms": 1486517343983,
    "price": 1059.7000,
    "amount": 0.00700,
    "type": "buy",
    "tid": "784460"
  },
  {
    "date": 1486517284,
    "date_ms": 1486517284297,
    "price": 1060.3500,
    "amount": 0.00640,
    "type": "buy",
    "tid": "784458"
  },
  {
    "date": 1486517224,
    "date_ms": 1486517224563,
    "price": 1060.5500,
    "amount": 0.00590,
    "type": "buy",
    "tid": "784453"
  },
  {
    "date": 1486517203,
    "date_ms": 1486517203470,
    "price": 1060.7500,
    "amount": 0.01170,
    "type": "sell",
    "tid": "784452"
  },
  {
    "date": 1486517190,
    "date_ms": 1486517190329,
    "price": 1059.5700,
    "amount": 0.00400,
    "type": "buy",
    "tid": "784450"
  },
  {
    "date": 1486517190,
    "date_ms": 1486517190345,
    "price": 1059.5700,
    "amount": 0.00400,
    "type": "buy",
    "tid": "784449"
  },
  {
    "date": 1486517164,
    "date_ms": 1486517164314,
    "price": 1059.2600,
    "amount": 0.00530,
    "type": "sell",
    "tid": "784446"
  },
  {
    "date": 1486517148,
    "date_ms": 1486517148033,
    "price": 1059.3300,
    "amount": 0.01110,
    "type": "sell",
    "tid": "784445"
  },
  {
    "date": 1486517113,
    "date_ms": 1486517113987,
    "price": 1059.5500,
    "amount": 0.00480,
    "type": "sell",
    "tid": "784443"
  },
  {
    "date": 1486517080,
    "date_ms": 1486517080659,
    "price": 1059.2500,
    "amount": 0.01060,
    "type": "buy",
    "tid": "784440"
  },
  {
    "date": 1486517051,
    "date_ms": 1486517051972,
    "price": 1059.3400,
    "amount": 0.00420,
    "type": "sell",
    "tid": "784438"
  },
  {
    "date": 1486517016,
    "date_ms": 1486517016769,
    "price": 1058.6100,
    "amount": 0.01000,
    "type": "buy",
    "tid": "784436"
  },
  {
    "date": 1486516988,
    "date_ms": 1486516988207,
    "price": 1059.4600,
    "amount": 0.00370,
    "type": "sell",
    "tid": "784433"
  },
  {
    "date": 1486516976,
    "date_ms": 1486516976332,
    "price": 1059.5200,
    "amount": 0.00950,
    "type": "sell",
    "tid": "784431"
  },
  {
    "date": 1486516900,
    "date_ms": 1486516900037,
    "price": 1059.4700,
    "amount": 0.00310,
    "type": "sell",
    "tid": "784428"
  },
  {
    "date": 1486516867,
    "date_ms": 1486516867069,
    "price": 1059.4000,
    "amount": 0.00890,
    "type": "buy",
    "tid": "784426"
  },
  {
    "date": 1486516832,
    "date_ms": 1486516832225,
    "price": 1059.5000,
    "amount": 0.00260,
    "type": "sell",
    "tid": "784424"
  },
  {
    "date": 1486516812,
    "date_ms": 1486516812069,
    "price": 1058.8300,
    "amount": 0.00840,
    "type": "sell",
    "tid": "784421"
  },
  {
    "date": 1486516779,
    "date_ms": 1486516779289,
    "price": 1058.0200,
    "amount": 0.00200,
    "type": "buy",
    "tid": "784420"
  },
  {
    "date": 1486516741,
    "date_ms": 1486516741320,
    "price": 1059.0700,
    "amount": 0.00790,
    "type": "sell",
    "tid": "784417"
  },
  {
    "date": 1486516707,
    "date_ms": 1486516707258,
    "price": 1058.9000,
    "amount": 0.00150,
    "type": "sell",
    "tid": "784414"
  },
  {
    "date": 1486516675,
    "date_ms": 1486516675978,
    "price": 1058.7100,
    "amount": 0.00730,
    "type": "sell",
    "tid": "784412"
  },
  {
    "date": 1486516631,
    "date_ms": 1486516631119,
    "price": 1059.3700,
    "amount": 0.02150,
    "type": "sell",
    "tid": "784409"
  },
  {
    "date": 1486516615,
    "date_ms": 1486516615869,
    "price": 1057.6300,
    "amount": 0.00660,
    "type": "buy",
    "tid": "784408"
  },
  {
    "date": 1486516597,
    "date_ms": 1486516597744,
    "price": 1058.4100,
    "amount": 0.02020,
    "type": "buy",
    "tid": "784407"
  },
  {
    "date": 1486516570,
    "date_ms": 1486516570432,
    "price": 1058.9000,
    "amount": 0.00530,
    "type": "sell",
    "tid": "784405"
  },
  {
    "date": 1486516553,
    "date_ms": 1486516553667,
    "price": 1057.9600,
    "amount": 0.01890,
    "type": "buy",
    "tid": "784403"
  },
  {
    "date": 1486516472,
    "date_ms": 1486516472809,
    "price": 1059.5700,
    "amount": 0.00400,
    "type": "sell",
    "tid": "784399"
  },
  {
    "date": 1486516439,
    "date_ms": 1486516439294,
    "price": 1058.2400,
    "amount": 0.01760,
    "type": "buy",
    "tid": "784398"
  },
  {
    "date": 1486516385,
    "date_ms": 1486516385982,
    "price": 1058.9200,
    "amount": 0.00270,
    "type": "buy",
    "tid": "784395"
  },
  {
    "date": 1486516347,
    "date_ms": 1486516347217,
    "price": 1058.3400,
    "amount": 0.01640,
    "type": "buy",
    "tid": "784393"
  },
  {
    "date": 1486516323,
    "date_ms": 1486516323249,
    "price": 1059.7300,
    "amount": 0.00150,
    "type": "sell",
    "tid": "784392"
  },
  {
    "date": 1486516282,
    "date_ms": 1486516282124,
    "price": 1058.6100,
    "amount": 0.01510,
    "type": "buy",
    "tid": "784389"
  },
  {
    "date": 1486516208,
    "date_ms": 1486516208954,
    "price": 1058.2400,
    "amount": 0.01380,
    "type": "buy",
    "tid": "784385"
  },
  {
    "date": 1486516183,
    "date_ms": 1486516183032,
    "price": 1059.6300,
    "amount": 0.02740,
    "type": "sell",
    "tid": "784383"
  },
  {
    "date": 1486516151,
    "date_ms": 1486516151001,
    "price": 1058.4100,
    "amount": 0.01250,
    "type": "buy",
    "tid": "784380"
  },
  {
    "date": 1486516111,
    "date_ms": 1486516111236,
    "price": 1059.8600,
    "amount": 0.02610,
    "type": "sell",
    "tid": "784377"
  },
  {
    "date": 1486516071,
    "date_ms": 1486516071768,
    "price": 1058.7200,
    "amount": 0.01130,
    "type": "buy",
    "tid": "784374"
  },
  {
    "date": 1486516041,
    "date_ms": 1486516041550,
    "price": 1058.2800,
    "amount": 0.02490,
    "type": "buy",
    "tid": "784371"
  },
  {
    "date": 1486516022,
    "date_ms": 1486516022956,
    "price": 1058.8800,
    "amount": 0.01000,
    "type": "buy",
    "tid": "784369"
  },
  {
    "date": 1486515957,
    "date_ms": 1486515957473,
    "price": 1058.6200,
    "amount": 0.00870,
    "type": "buy",
    "tid": "784367"
  },
  {
    "date": 1486515925,
    "date_ms": 1486515925645,
    "price": 1058.3700,
    "amount": 0.02230,
    "type": "buy",
    "tid": "784363"
  },
  {
    "date": 1486515898,
    "date_ms": 1486515898536,
    "price": 1058.8600,
    "amount": 0.00740,
    "type": "buy",
    "tid": "784361"
  },
  {
    "date": 1486515876,
    "date_ms": 1486515876787,
    "price": 1059.1500,
    "amount": 0.02100,
    "type": "buy",
    "tid": "784360"
  },
  {
    "date": 1486515838,
    "date_ms": 1486515838115,
    "price": 1059.4200,
    "amount": 0.00610,
    "type": "sell",
    "tid": "784358"
  },
  {
    "date": 1486515800,
    "date_ms": 1486515800835,
    "price": 1058.3800,
    "amount": 0.01980,
    "type": "buy",
    "tid": "784355"
  },
  {
    "date": 1486515788,
    "date_ms": 1486515788319,
    "price": 1058.7800,
    "amount": 0.00490,
    "type": "buy",
    "tid": "784354"
  },
  {
    "date": 1486515760,
    "date_ms": 1486515760929,
    "price": 1060.0200,
    "amount": 0.01850,
    "type": "sell",
    "tid": "784352"
  },
  {
    "date": 1486515742,
    "date_ms": 1486515742414,
    "price": 1058.9100,
    "amount": 0.00360,
    "type": "buy",
    "tid": "784350"
  },
  {
    "date": 1486515690,
    "date_ms": 1486515690149,
    "price": 1060.8900,
    "amount": 0.01720,
    "type": "sell",
    "tid": "784346"
  },
  {
    "date": 1486515666,
    "date_ms": 1486515666727,
    "price": 1059.5100,
    "amount": 0.00230,
    "type": "buy",
    "tid": "784345"
  },
  {
    "date": 1486515543,
    "date_ms": 1486515543057,
    "price": 1060.4300,
    "amount": 0.01590,
    "type": "buy",
    "tid": "784342"
  },
  {
    "date": 1486515417,
    "date_ms": 1486515417247,
    "price": 1061.1600,
    "amount": 0.00150,
    "type": "sell",
    "tid": "784339"
  },
  {
    "date": 1486515343,
    "date_ms": 1486515343685,
    "price": 1060.8600,
    "amount": 0.00140,
    "type": "sell",
    "tid": "784336"
  },
  {
    "date": 1486515191,
    "date_ms": 1486515191922,
    "price": 1061.4000,
    "amount": 0.00120,
    "type": "sell",
    "tid": "784331"
  },
  {
    "date": 1486514655,
    "date_ms": 1486514655243,
    "price": 1060.4900,
    "amount": 0.00150,
    "type": "sell",
    "tid": "784320"
  },
  {
    "date": 1486514454,
    "date_ms": 1486514454121,
    "price": 1060.7800,
    "amount": 0.00120,
    "type": "sell",
    "tid": "784316"
  },
  {
    "date": 1486514385,
    "date_ms": 1486514385356,
    "price": 1060.9600,
    "amount": 0.00110,
    "type": "sell",
    "tid": "784314"
  },
  {
    "date": 1486514309,
    "date_ms": 1486514309014,
    "price": 1059.8600,
    "amount": 0.00350,
    "type": "buy",
    "tid": "784312"
  },
  {
    "date": 1486514239,
    "date_ms": 1486514239702,
    "price": 1056.7500,
    "amount": 0.00300,
    "type": "buy",
    "tid": "784311"
  },
  {
    "date": 1486514206,
    "date_ms": 1486514206672,
    "price": 1057.7800,
    "amount": 0.00910,
    "type": "sell",
    "tid": "784309"
  },
  {
    "date": 1486514175,
    "date_ms": 1486514175563,
    "price": 1057.1600,
    "amount": 0.00240,
    "type": "sell",
    "tid": "784308"
  },
  {
    "date": 1486514149,
    "date_ms": 1486514149188,
    "price": 1055.8700,
    "amount": 0.00860,
    "type": "buy",
    "tid": "784307"
  },
  {
    "date": 1486514123,
    "date_ms": 1486514123188,
    "price": 1057.7600,
    "amount": 0.00180,
    "type": "sell",
    "tid": "784306"
  },
  {
    "date": 1486514077,
    "date_ms": 1486514077877,
    "price": 1057.2300,
    "amount": 0.00800,
    "type": "sell",
    "tid": "784304"
  },
  {
    "date": 1486514044,
    "date_ms": 1486514044971,
    "price": 1056.1000,
    "amount": 0.00120,
    "type": "buy",
    "tid": "784303"
  },
  {
    "date": 1486514018,
    "date_ms": 1486514018331,
    "price": 1057.6900,
    "amount": 0.00740,
    "type": "sell",
    "tid": "784302"
  },
  {
    "date": 1486513957,
    "date_ms": 1486513957160,
    "price": 1055.0300,
    "amount": 0.00680,
    "type": "buy",
    "tid": "784300"
  },
  {
    "date": 1486513908,
    "date_ms": 1486513908442,
    "price": 1055.1800,
    "amount": 0.00620,
    "type": "buy",
    "tid": "784298"
  },
  {
    "date": 1486513867,
    "date_ms": 1486513867630,
    "price": 1056.3400,
    "amount": 0.01240,
    "type": "sell",
    "tid": "784297"
  },
  {
    "date": 1486513835,
    "date_ms": 1486513835943,
    "price": 1056.0200,
    "amount": 0.00570,
    "type": "buy",
    "tid": "784296"
  },
  {
    "date": 1486513808,
    "date_ms": 1486513808271,
    "price": 1055.6600,
    "amount": 0.01180,
    "type": "buy",
    "tid": "784294"
  },
  {
    "date": 1486513780,
    "date_ms": 1486513780647,
    "price": 1055.2500,
    "amount": 0.00510,
    "type": "buy",
    "tid": "784293"
  },
  {
    "date": 1486513754,
    "date_ms": 1486513754007,
    "price": 1056.8100,
    "amount": 0.01130,
    "type": "sell",
    "tid": "784292"
  },
  {
    "date": 1486513738,
    "date_ms": 1486513738179,
    "price": 1056.9800,
    "amount": 0.00450,
    "type": "sell",
    "tid": "784291"
  },
  {
    "date": 1486513722,
    "date_ms": 1486513722585,
    "price": 1055.9800,
    "amount": 0.01070,
    "type": "buy",
    "tid": "784289"
  },
  {
    "date": 1486513681,
    "date_ms": 1486513681523,
    "price": 1056.6600,
    "amount": 0.00390,
    "type": "sell",
    "tid": "784288"
  },
  {
    "date": 1486513656,
    "date_ms": 1486513656945,
    "price": 1055.4200,
    "amount": 0.01010,
    "type": "buy",
    "tid": "784287"
  },
  {
    "date": 1486513611,
    "date_ms": 1486513611774,
    "price": 1054.9200,
    "amount": 0.00330,
    "type": "buy",
    "tid": "784285"
  },
  {
    "date": 1486513596,
    "date_ms": 1486513596915,
    "price": 1054.4900,
    "amount": 0.00950,
    "type": "buy",
    "tid": "784284"
  },
  {
    "date": 1486513577,
    "date_ms": 1486513577337,
    "price": 1055.9900,
    "amount": 0.00280,
    "type": "sell",
    "tid": "784283"
  },
  {
    "date": 1486513537,
    "date_ms": 1486513537729,
    "price": 1054.4300,
    "amount": 0.00890,
    "type": "buy",
    "tid": "784281"
  },
  {
    "date": 1486513503,
    "date_ms": 1486513503338,
    "price": 1056.1500,
    "amount": 0.00220,
    "type": "sell",
    "tid": "784280"
  },
  {
    "date": 1486513489,
    "date_ms": 1486513489479,
    "price": 1054.9000,
    "amount": 0.00840,
    "type": "buy",
    "tid": "784279"
  },
  {
    "date": 1486513464,
    "date_ms": 1486513464745,
    "price": 1054.3600,
    "amount": 0.00160,
    "type": "buy",
    "tid": "784277"
  },
  {
    "date": 1486513424,
    "date_ms": 1486513424418,
    "price": 1054.6300,
    "amount": 0.00780,
    "type": "buy",
    "tid": "784275"
  },
  {
    "date": 1486513388,
    "date_ms": 1486513388434,
    "price": 1056.2100,
    "amount": 0.00100,
    "type": "sell",
    "tid": "784272"
  },
  {
    "date": 1486513362,
    "date_ms": 1486513362481,
    "price": 1055.0900,
    "amount": 0.00720,
    "type": "buy",
    "tid": "784271"
  },
  {
    "date": 1486513327,
    "date_ms": 1486513327263,
    "price": 1055.2500,
    "amount": 0.00660,
    "type": "buy",
    "tid": "784270"
  },
  {
    "date": 1486513302,
    "date_ms": 1486513302279,
    "price": 1054.4600,
    "amount": 0.10600,
    "type": "buy",
    "tid": "784267"
  },
  {
    "date": 1486513268,
    "date_ms": 1486513268311,
    "price": 1055.0100,
    "amount": 0.32420,
    "type": "buy",
    "tid": "784265"
  },
  {
    "date": 1486513233,
    "date_ms": 1486513233561,
    "price": 1055.3000,
    "amount": 0.08590,
    "type": "buy",
    "tid": "784264"
  },
  {
    "date": 1486513197,
    "date_ms": 1486513197546,
    "price": 1054.9500,
    "amount": 0.30400,
    "type": "buy",
    "tid": "784261"
  },
  {
    "date": 1486513170,
    "date_ms": 1486513170234,
    "price": 1057.1600,
    "amount": 0.06530,
    "type": "sell",
    "tid": "784260"
  },
  {
    "date": 1486513133,
    "date_ms": 1486513133719,
    "price": 1057.4300,
    "amount": 0.28350,
    "type": "sell",
    "tid": "784256"
  },
  {
    "date": 1486513113,
    "date_ms": 1486513113360,
    "price": 1057.8700,
    "amount": 0.04480,
    "type": "sell",
    "tid": "784255"
  },
  {
    "date": 1486513077,
    "date_ms": 1486513077142,
    "price": 1058.0800,
    "amount": 0.26290,
    "type": "sell",
    "tid": "784253"
  },
  {
    "date": 1486513065,
    "date_ms": 1486513065829,
    "price": 1052.3800,
    "amount": 0.62410,
    "type": "buy",
    "tid": "784250"
  },
  {
    "date": 1486513051,
    "date_ms": 1486513051830,
    "price": 1051.7400,
    "amount": 0.02420,
    "type": "buy",
    "tid": "784248"
  },
  {
    "date": 1486513029,
    "date_ms": 1486513029627,
    "price": 1052.1700,
    "amount": 0.24230,
    "type": "sell",
    "tid": "784246"
  },
  {
    "date": 1486513001,
    "date_ms": 1486513001487,
    "price": 1052.0900,
    "amount": 0.00360,
    "type": "sell",
    "tid": "784244"
  },
  {
    "date": 1486512964,
    "date_ms": 1486512964987,
    "price": 1052.1400,
    "amount": 0.22170,
    "type": "sell",
    "tid": "784241"
  },
  {
    "date": 1486512923,
    "date_ms": 1486512923457,
    "price": 1051.8800,
    "amount": 0.44030,
    "type": "buy",
    "tid": "784237"
  },
  {
    "date": 1486512906,
    "date_ms": 1486512906004,
    "price": 1052.3100,
    "amount": 0.20160,
    "type": "sell",
    "tid": "784235"
  },
  {
    "date": 1486512879,
    "date_ms": 1486512879410,
    "price": 1051.8700,
    "amount": 0.41970,
    "type": "buy",
    "tid": "784234"
  },
  {
    "date": 1486512845,
    "date_ms": 1486512845458,
    "price": 1051.6800,
    "amount": 0.18100,
    "type": "buy",
    "tid": "784230"
  },
  {
    "date": 1486512808,
    "date_ms": 1486512808302,
    "price": 1051.6700,
    "amount": 0.39920,
    "type": "sell",
    "tid": "784228"
  },
  {
    "date": 1486512790,
    "date_ms": 1486512790615,
    "price": 1051.3600,
    "amount": 0.16050,
    "type": "buy",
    "tid": "784227"
  },
  {
    "date": 1486512754,
    "date_ms": 1486512754850,
    "price": 1050.3600,
    "amount": 0.37860,
    "type": "buy",
    "tid": "784224"
  },
  {
    "date": 1486512731,
    "date_ms": 1486512731913,
    "price": 1050.7700,
    "amount": 0.13990,
    "type": "buy",
    "tid": "784223"
  },
  {
    "date": 1486512705,
    "date_ms": 1486512705101,
    "price": 1051.4500,
    "amount": 0.35800,
    "type": "sell",
    "tid": "784222"
  },
  {
    "date": 1486512688,
    "date_ms": 1486512688273,
    "price": 1051.6200,
    "amount": 0.11930,
    "type": "sell",
    "tid": "784218"
  },
  {
    "date": 1486512654,
    "date_ms": 1486512654476,
    "price": 1050.4000,
    "amount": 0.33740,
    "type": "buy",
    "tid": "784215"
  },
  {
    "date": 1486512618,
    "date_ms": 1486512618774,
    "price": 1050.6200,
    "amount": 0.09920,
    "type": "buy",
    "tid": "784213"
  },
  {
    "date": 1486512578,
    "date_ms": 1486512578540,
    "price": 1051.6300,
    "amount": 0.31730,
    "type": "sell",
    "tid": "784209"
  },
  {
    "date": 1486512561,
    "date_ms": 1486512561415,
    "price": 1050.4100,
    "amount": 0.07860,
    "type": "buy",
    "tid": "784208"
  },
  {
    "date": 1486512523,
    "date_ms": 1486512523650,
    "price": 1050.3100,
    "amount": 0.29670,
    "type": "buy",
    "tid": "784204"
  },
  {
    "date": 1486512487,
    "date_ms": 1486512487932,
    "price": 1051.0700,
    "amount": 0.05800,
    "type": "buy",
    "tid": "784203"
  },
  {
    "date": 1486512447,
    "date_ms": 1486512447464,
    "price": 1051.2000,
    "amount": 0.27610,
    "type": "buy",
    "tid": "784200"
  },
  {
    "date": 1486512426,
    "date_ms": 1486512426886,
    "price": 1051.0800,
    "amount": 0.03740,
    "type": "sell",
    "tid": "784198"
  },
  {
    "date": 1486512401,
    "date_ms": 1486512401105,
    "price": 1050.9100,
    "amount": 0.25560,
    "type": "sell",
    "tid": "784196"
  },
  {
    "date": 1486512381,
    "date_ms": 1486512381762,
    "price": 1051.5000,
    "amount": 0.01690,
    "type": "sell",
    "tid": "784193"
  },
  {
    "date": 1486512361,
    "date_ms": 1486512361403,
    "price": 1050.7100,
    "amount": 0.23500,
    "type": "buy",
    "tid": "784192"
  },
  {
    "date": 1486512335,
    "date_ms": 1486512335809,
    "price": 1050.6000,
    "amount": 0.45360,
    "type": "buy",
    "tid": "784190"
  },
  {
    "date": 1486512296,
    "date_ms": 1486512296544,
    "price": 1051.3400,
    "amount": 0.52560,
    "type": "sell",
    "tid": "784187"
  },
  {
    "date": 1486512253,
    "date_ms": 1486512253217,
    "price": 1050.2800,
    "amount": 1.85940,
    "type": "buy",
    "tid": "784184"
  },
  {
    "date": 1486512222,
    "date_ms": 1486512222545,
    "price": 1050.1100,
    "amount": 0.39980,
    "type": "buy",
    "tid": "784182"
  },
  {
    "date": 1486512179,
    "date_ms": 1486512179796,
    "price": 1049.8200,
    "amount": 1.73360,
    "type": "buy",
    "tid": "784179"
  },
  {
    "date": 1486512154,
    "date_ms": 1486512154968,
    "price": 1051.1500,
    "amount": 0.27400,
    "type": "sell",
    "tid": "784177"
  },
  {
    "date": 1486512135,
    "date_ms": 1486512135547,
    "price": 1051.6500,
    "amount": 1.60770,
    "type": "sell",
    "tid": "784176"
  },
  {
    "date": 1486512099,
    "date_ms": 1486512099016,
    "price": 1050.2300,
    "amount": 0.14810,
    "type": "buy",
    "tid": "784174"
  },
  {
    "date": 1486512057,
    "date_ms": 1486512057048,
    "price": 1051.2000,
    "amount": 1.48190,
    "type": "sell",
    "tid": "784171"
  },
  {
    "date": 1486512025,
    "date_ms": 1486512025705,
    "price": 1050.5900,
    "amount": 0.02230,
    "type": "buy",
    "tid": "784168"
  },
  {
    "date": 1486511984,
    "date_ms": 1486511984455,
    "price": 1051.2400,
    "amount": 1.35610,
    "type": "sell",
    "tid": "784165"
  },
  {
    "date": 1486511967,
    "date_ms": 1486511967409,
    "price": 1050.5300,
    "amount": 2.69260,
    "type": "buy",
    "tid": "784164"
  },
  {
    "date": 1486511935,
    "date_ms": 1486511935222,
    "price": 1051.1700,
    "amount": 1.23300,
    "type": "sell",
    "tid": "784162"
  },
  {
    "date": 1486511907,
    "date_ms": 1486511907988,
    "price": 1051.5400,
    "amount": 2.56680,
    "type": "sell",
    "tid": "784160"
  },
  {
    "date": 1486511873,
    "date_ms": 1486511873941,
    "price": 1050.4700,
    "amount": 1.10720,
    "type": "buy",
    "tid": "784157"
  },
  {
    "date": 1486511852,
    "date_ms": 1486511852832,
    "price": 1051.7900,
    "amount": 2.44100,
    "type": "sell",
    "tid": "784155"
  },
  {
    "date": 1486511835,
    "date_ms": 1486511835395,
    "price": 1050.4000,
    "amount": 0.98140,
    "type": "buy",
    "tid": "784154"
  },
  {
    "date": 1486511796,
    "date_ms": 1486511796271,
    "price": 1051.0500,
    "amount": 2.31520,
    "type": "sell",
    "tid": "784152"
  },
  {
    "date": 1486511765,
    "date_ms": 1486511765865,
    "price": 1050.3800,
    "amount": 0.85560,
    "type": "buy",
    "tid": "784149"
  },
  {
    "date": 1486511727,
    "date_ms": 1486511727037,
    "price": 1050.3900,
    "amount": 2.18930,
    "type": "buy",
    "tid": "784146"
  },
  {
    "date": 1486511693,
    "date_ms": 1486511693210,
    "price": 1051.7700,
    "amount": 0.72970,
    "type": "sell",
    "tid": "784144"
  },
  {
    "date": 1486511669,
    "date_ms": 1486511669288,
    "price": 1050.5000,
    "amount": 2.06350,
    "type": "buy",
    "tid": "784141"
  },
  {
    "date": 1486511631,
    "date_ms": 1486511631648,
    "price": 1050.9300,
    "amount": 0.60670,
    "type": "sell",
    "tid": "784133"
  },
  {
    "date": 1486511610,
    "date_ms": 1486511610070,
    "price": 1049.8200,
    "amount": 1.94050,
    "type": "buy",
    "tid": "784125"
  },
  {
    "date": 1486511586,
    "date_ms": 1486511586164,
    "price": 1050.2600,
    "amount": 0.48090,
    "type": "buy",
    "tid": "784119"
  },
  {
    "date": 1486511569,
    "date_ms": 1486511569259,
    "price": 1050.0700,
    "amount": 1.81460,
    "type": "buy",
    "tid": "784117"
  },
  {
    "date": 1486511550,
    "date_ms": 1486511550915,
    "price": 1051.1900,
    "amount": 0.35510,
    "type": "sell",
    "tid": "784116"
  },
  {
    "date": 1486511510,
    "date_ms": 1486511510103,
    "price": 1050.2900,
    "amount": 1.68880,
    "type": "buy",
    "tid": "784113"
  },
  {
    "date": 1486511471,
    "date_ms": 1486511471729,
    "price": 1050.5900,
    "amount": 0.22920,
    "type": "buy",
    "tid": "784111"
  },
  {
    "date": 1486511436,
    "date_ms": 1486511436604,
    "price": 1051.1600,
    "amount": 1.56300,
    "type": "sell",
    "tid": "784107"
  },
  {
    "date": 1486511409,
    "date_ms": 1486511409714,
    "price": 1050.7400,
    "amount": 0.10340,
    "type": "buy",
    "tid": "784106"
  },
  {
    "date": 1486511378,
    "date_ms": 1486511378808,
    "price": 1049.9900,
    "amount": 1.43720,
    "type": "buy",
    "tid": "784103"
  },
  {
    "date": 1486511358,
    "date_ms": 1486511358012,
    "price": 1050.3900,
    "amount": 2.77370,
    "type": "buy",
    "tid": "784101"
  },
  {
    "date": 1486511330,
    "date_ms": 1486511330028,
    "price": 1051.3200,
    "amount": 1.31410,
    "type": "sell",
    "tid": "784099"
  },
  {
    "date": 1486511298,
    "date_ms": 1486511298841,
    "price": 1050.6100,
    "amount": 0.05180,
    "type": "buy",
    "tid": "784097"
  },
  {
    "date": 1486511258,
    "date_ms": 1486511258373,
    "price": 1050.0500,
    "amount": 0.22480,
    "type": "buy",
    "tid": "784093"
  },
  {
    "date": 1486511232,
    "date_ms": 1486511232436,
    "price": 1051.0100,
    "amount": 0.03550,
    "type": "sell",
    "tid": "784092"
  },
  {
    "date": 1486511212,
    "date_ms": 1486511212123,
    "price": 1050.2900,
    "amount": 0.20850,
    "type": "buy",
    "tid": "784090"
  },
  {
    "date": 1486511167,
    "date_ms": 1486511167608,
    "price": 1050.5200,
    "amount": 0.01920,
    "type": "buy",
    "tid": "784088"
  },
  {
    "date": 1486511134,
    "date_ms": 1486511134609,
    "price": 1051.4800,
    "amount": 0.19210,
    "type": "sell",
    "tid": "784084"
  },
  {
    "date": 1486511098,
    "date_ms": 1486511098969,
    "price": 1051.4100,
    "amount": 0.00290,
    "type": "sell",
    "tid": "784082"
  },
  {
    "date": 1486511066,
    "date_ms": 1486511066782,
    "price": 1050.9600,
    "amount": 0.17580,
    "type": "sell",
    "tid": "784079"
  },
  {
    "date": 1486511033,
    "date_ms": 1486511033548,
    "price": 1050.9600,
    "amount": 0.34910,
    "type": "sell",
    "tid": "784077"
  },
  {
    "date": 1486511014,
    "date_ms": 1486511014267,
    "price": 1051.2100,
    "amount": 0.15990,
    "type": "sell",
    "tid": "784076"
  },
  {
    "date": 1486510979,
    "date_ms": 1486510979236,
    "price": 1051.7500,
    "amount": 0.33280,
    "type": "sell",
    "tid": "784072"
  },
  {
    "date": 1486510949,
    "date_ms": 1486510949346,
    "price": 1050.7200,
    "amount": 0.14350,
    "type": "buy",
    "tid": "784070"
  },
  {
    "date": 1486510921,
    "date_ms": 1486510921815,
    "price": 1050.8600,
    "amount": 0.31650,
    "type": "sell",
    "tid": "784068"
  },
  {
    "date": 1486510883,
    "date_ms": 1486510883972,
    "price": 1051.7300,
    "amount": 0.12720,
    "type": "sell",
    "tid": "784065"
  },
  {
    "date": 1486510858,
    "date_ms": 1486510858129,
    "price": 1051.2700,
    "amount": 0.30020,
    "type": "sell",
    "tid": "784063"
  },
  {
    "date": 1486510827,
    "date_ms": 1486510827348,
    "price": 1050.8800,
    "amount": 0.11090,
    "type": "sell",
    "tid": "784061"
  },
  {
    "date": 1486510809,
    "date_ms": 1486510809754,
    "price": 1050.6000,
    "amount": 0.28390,
    "type": "buy",
    "tid": "784059"
  },
  {
    "date": 1486510771,
    "date_ms": 1486510771005,
    "price": 1051.6700,
    "amount": 0.09460,
    "type": "sell",
    "tid": "784057"
  },
  {
    "date": 1486510737,
    "date_ms": 1486510737881,
    "price": 1051.7500,
    "amount": 0.26760,
    "type": "sell",
    "tid": "784054"
  },
  {
    "date": 1486510700,
    "date_ms": 1486510700084,
    "price": 1050.8500,
    "amount": 0.07860,
    "type": "sell",
    "tid": "784051"
  },
  {
    "date": 1486510660,
    "date_ms": 1486510660819,
    "price": 1051.2900,
    "amount": 0.25160,
    "type": "sell",
    "tid": "784048"
  },
  {
    "date": 1486510631,
    "date_ms": 1486510631117,
    "price": 1050.0500,
    "amount": 0.06230,
    "type": "buy",
    "tid": "784046"
  },
  {
    "date": 1486510596,
    "date_ms": 1486510596414,
    "price": 1050.2300,
    "amount": 0.23530,
    "type": "buy",
    "tid": "784043"
  },
  {
    "date": 1486510571,
    "date_ms": 1486510571617,
    "price": 1051.7300,
    "amount": 0.04600,
    "type": "sell",
    "tid": "784041"
  },
  {
    "date": 1486510535,
    "date_ms": 1486510535399,
    "price": 1051.1700,
    "amount": 0.21900,
    "type": "sell",
    "tid": "784038"
  },
  {
    "date": 1486510519,
    "date_ms": 1486510519821,
    "price": 1049.8800,
    "amount": 0.02970,
    "type": "buy",
    "tid": "784036"
  },
  {
    "date": 1486510499,
    "date_ms": 1486510499322,
    "price": 1051.7800,
    "amount": 0.20260,
    "type": "sell",
    "tid": "784034"
  },
  {
    "date": 1486510456,
    "date_ms": 1486510456182,
    "price": 1051.2000,
    "amount": 0.01340,
    "type": "sell",
    "tid": "784031"
  },
  {
    "date": 1486510440,
    "date_ms": 1486510440791,
    "price": 1050.4200,
    "amount": 0.18630,
    "type": "buy",
    "tid": "784029"
  },
  {
    "date": 1486510412,
    "date_ms": 1486510412948,
    "price": 1051.1400,
    "amount": 0.35970,
    "type": "sell",
    "tid": "784027"
  },
  {
    "date": 1486510387,
    "date_ms": 1486510387167,
    "price": 1051.3600,
    "amount": 0.17040,
    "type": "sell",
    "tid": "784024"
  },
  {
    "date": 1486510350,
    "date_ms": 1486510350605,
    "price": 1050.7600,
    "amount": 0.34330,
    "type": "buy",
    "tid": "784021"
  },
  {
    "date": 1486510326,
    "date_ms": 1486510326215,
    "price": 1050.1900,
    "amount": 0.05720,
    "type": "buy",
    "tid": "784019"
  },
  {
    "date": 1486510300,
    "date_ms": 1486510300559,
    "price": 1051.2300,
    "amount": 0.01510,
    "type": "sell",
    "tid": "784016"
  },
  {
    "date": 1486510276,
    "date_ms": 1486510276966,
    "price": 1051.4100,
    "amount": 0.05370,
    "type": "sell",
    "tid": "784015"
  },
  {
    "date": 1486510250,
    "date_ms": 1486510250544,
    "price": 1051.3400,
    "amount": 0.01150,
    "type": "sell",
    "tid": "784012"
  },
  {
    "date": 1486510212,
    "date_ms": 1486510212576,
    "price": 1050.5600,
    "amount": 0.05000,
    "type": "buy",
    "tid": "784010"
  },
  {
    "date": 1486510192,
    "date_ms": 1486510192717,
    "price": 1051.0900,
    "amount": 0.00790,
    "type": "sell",
    "tid": "784007"
  },
  {
    "date": 1486510174,
    "date_ms": 1486510174592,
    "price": 1049.9900,
    "amount": 0.04640,
    "type": "buy",
    "tid": "784006"
  },
  {
    "date": 1486510140,
    "date_ms": 1486510140046,
    "price": 1050.6100,
    "amount": 0.00420,
    "type": "buy",
    "tid": "784004"
  },
  {
    "date": 1486510118,
    "date_ms": 1486510118562,
    "price": 1050.8900,
    "amount": 0.04280,
    "type": "sell",
    "tid": "784001"
  },
  {
    "date": 1486510064,
    "date_ms": 1486510064531,
    "price": 1049.8300,
    "amount": 0.03910,
    "type": "buy",
    "tid": "783998"
  },
  {
    "date": 1486510036,
    "date_ms": 1486510036938,
    "price": 1050.3600,
    "amount": 0.07770,
    "type": "buy",
    "tid": "783995"
  },
  {
    "date": 1486510020,
    "date_ms": 1486510020110,
    "price": 1051.6900,
    "amount": 0.03560,
    "type": "sell",
    "tid": "783993"
  },
  {
    "date": 1486509988,
    "date_ms": 1486509988017,
    "price": 1051.2700,
    "amount": 0.07410,
    "type": "sell",
    "tid": "783991"
  },
  {
    "date": 1486509968,
    "date_ms": 1486509968189,
    "price": 1050.0800,
    "amount": 0.03190,
    "type": "buy",
    "tid": "783989"
  },
  {
    "date": 1486509941,
    "date_ms": 1486509941940,
    "price": 1050.0900,
    "amount": 0.07040,
    "type": "buy",
    "tid": "783986"
  },
  {
    "date": 1486509913,
    "date_ms": 1486509913190,
    "price": 1050.5200,
    "amount": 0.02830,
    "type": "buy",
    "tid": "783985"
  },
  {
    "date": 1486509882,
    "date_ms": 1486509882159,
    "price": 1050.5600,
    "amount": 0.06680,
    "type": "buy",
    "tid": "783983"
  },
  {
    "date": 1486509865,
    "date_ms": 1486509865159,
    "price": 1050.8400,
    "amount": 0.02470,
    "type": "sell",
    "tid": "783981"
  },
  {
    "date": 1486509846,
    "date_ms": 1486509846800,
    "price": 1049.9600,
    "amount": 0.06320,
    "type": "buy",
    "tid": "783978"
  },
  {
    "date": 1486509810,
    "date_ms": 1486509810317,
    "price": 1050.7400,
    "amount": 0.02100,
    "type": "buy",
    "tid": "783976"
  },
  {
    "date": 1486509791,
    "date_ms": 1486509791348,
    "price": 1049.8900,
    "amount": 0.05950,
    "type": "buy",
    "tid": "783974"
  },
  {
    "date": 1486509755,
    "date_ms": 1486509755708,
    "price": 1049.9300,
    "amount": 0.01750,
    "type": "buy",
    "tid": "783971"
  },
  {
    "date": 1486509733,
    "date_ms": 1486509733255,
    "price": 1051.0400,
    "amount": 0.05600,
    "type": "sell",
    "tid": "783970"
  },
  {
    "date": 1486509707,
    "date_ms": 1486509707146,
    "price": 1049.8300,
    "amount": 0.01380,
    "type": "buy",
    "tid": "783967"
  },
  {
    "date": 1486509683,
    "date_ms": 1486509683709,
    "price": 1050.4400,
    "amount": 0.05240,
    "type": "buy",
    "tid": "783965"
  },
  {
    "date": 1486509655,
    "date_ms": 1486509655647,
    "price": 1050.1600,
    "amount": 0.01020,
    "type": "buy",
    "tid": "783963"
  },
  {
    "date": 1486509620,
    "date_ms": 1486509620038,
    "price": 1050.3000,
    "amount": 0.04870,
    "type": "buy",
    "tid": "783960"
  },
  {
    "date": 1486509583,
    "date_ms": 1486509583351,
    "price": 1050.6000,
    "amount": 0.00660,
    "type": "buy",
    "tid": "783958"
  },
  {
    "date": 1486509540,
    "date_ms": 1486509540258,
    "price": 1050.3100,
    "amount": 0.04510,
    "type": "buy",
    "tid": "783954"
  },
  {
    "date": 1486509503,
    "date_ms": 1486509503056,
    "price": 1050.6400,
    "amount": 0.00290,
    "type": "buy",
    "tid": "783952"
  },
  {
    "date": 1486509470,
    "date_ms": 1486509470978,
    "price": 1051.2200,
    "amount": 0.04150,
    "type": "sell",
    "tid": "783950"
  },
  {
    "date": 1486509449,
    "date_ms": 1486509449041,
    "price": 1050.0800,
    "amount": 0.08010,
    "type": "buy",
    "tid": "783948"
  },
  {
    "date": 1486509425,
    "date_ms": 1486509425276,
    "price": 1051.4000,
    "amount": 0.03790,
    "type": "sell",
    "tid": "783945"
  },
  {
    "date": 1486509396,
    "date_ms": 1486509396557,
    "price": 1051.5400,
    "amount": 0.07640,
    "type": "sell",
    "tid": "783944"
  },
  {
    "date": 1486509369,
    "date_ms": 1486509369339,
    "price": 1051.5500,
    "amount": 0.03430,
    "type": "sell",
    "tid": "783942"
  },
  {
    "date": 1486509338,
    "date_ms": 1486509338933,
    "price": 1050.4800,
    "amount": 0.00720,
    "type": "buy",
    "tid": "783938"
  },
  {
    "date": 1486509297,
    "date_ms": 1486509297340,
    "price": 1049.8800,
    "amount": 0.00110,
    "type": "buy",
    "tid": "783936"
  },
  {
    "date": 1486509263,
    "date_ms": 1486509263153,
    "price": 1051.2100,
    "amount": 0.00670,
    "type": "sell",
    "tid": "783934"
  },
  {
    "date": 1486509190,
    "date_ms": 1486509190045,
    "price": 1051.4300,
    "amount": 0.00610,
    "type": "sell",
    "tid": "783930"
  },
  {
    "date": 1486509155,
    "date_ms": 1486509155873,
    "price": 1050.8600,
    "amount": 0.00560,
    "type": "sell",
    "tid": "783926"
  },
  {
    "date": 1486509136,
    "date_ms": 1486509136764,
    "price": 1051.4700,
    "amount": 0.01120,
    "type": "sell",
    "tid": "783925"
  },
  {
    "date": 1486509118,
    "date_ms": 1486509118796,
    "price": 1051.5800,
    "amount": 0.00510,
    "type": "sell",
    "tid": "783923"
  },
  {
    "date": 1486509095,
    "date_ms": 1486509095484,
    "price": 1050.9100,
    "amount": 0.01070,
    "type": "sell",
    "tid": "783921"
  },
  {
    "date": 1486509072,
    "date_ms": 1486509072015,
    "price": 1051.5100,
    "amount": 0.00460,
    "type": "sell",
    "tid": "783919"
  },
  {
    "date": 1486509040,
    "date_ms": 1486509040109,
    "price": 1051.1200,
    "amount": 0.01020,
    "type": "sell",
    "tid": "783916"
  },
  {
    "date": 1486509006,
    "date_ms": 1486509006672,
    "price": 1050.7400,
    "amount": 0.00410,
    "type": "buy",
    "tid": "783912"
  },
  {
    "date": 1486508987,
    "date_ms": 1486508987313,
    "price": 1051.4900,
    "amount": 0.00960,
    "type": "sell",
    "tid": "783907"
  },
  {
    "date": 1486508957,
    "date_ms": 1486508957689,
    "price": 1051.4900,
    "amount": 0.00350,
    "type": "sell",
    "tid": "783903"
  },
  {
    "date": 1486508928,
    "date_ms": 1486508928611,
    "price": 1050.5600,
    "amount": 0.00910,
    "type": "buy",
    "tid": "783902"
  },
  {
    "date": 1486508901,
    "date_ms": 1486508901143,
    "price": 1051.6000,
    "amount": 0.00300,
    "type": "sell",
    "tid": "783900"
  },
  {
    "date": 1486508863,
    "date_ms": 1486508863081,
    "price": 1051.6400,
    "amount": 0.00860,
    "type": "sell",
    "tid": "783897"
  },
  {
    "date": 1486508834,
    "date_ms": 1486508834441,
    "price": 1051.2200,
    "amount": 0.00250,
    "type": "sell",
    "tid": "783895"
  },
  {
    "date": 1486508799,
    "date_ms": 1486508799754,
    "price": 1051.6900,
    "amount": 0.00810,
    "type": "sell",
    "tid": "783894"
  },
  {
    "date": 1486508769,
    "date_ms": 1486508769567,
    "price": 1050.8700,
    "amount": 0.00200,
    "type": "sell",
    "tid": "783891"
  },
  {
    "date": 1486508740,
    "date_ms": 1486508740239,
    "price": 1050.3600,
    "amount": 0.00750,
    "type": "buy",
    "tid": "783889"
  },
  {
    "date": 1486508704,
    "date_ms": 1486508704740,
    "price": 1051.0000,
    "amount": 0.00140,
    "type": "sell",
    "tid": "783888"
  },
  {
    "date": 1486508669,
    "date_ms": 1486508669709,
    "price": 1050.8900,
    "amount": 0.00700,
    "type": "sell",
    "tid": "783884"
  },
  {
    "date": 1486508617,
    "date_ms": 1486508617553,
    "price": 1051.1700,
    "amount": 0.00650,
    "type": "sell",
    "tid": "783881"
  },
  {
    "date": 1486508543,
    "date_ms": 1486508543570,
    "price": 1050.7300,
    "amount": 0.00600,
    "type": "buy",
    "tid": "783877"
  },
  {
    "date": 1486508503,
    "date_ms": 1486508503461,
    "price": 1050.8400,
    "amount": 0.01150,
    "type": "sell",
    "tid": "783874"
  },
  {
    "date": 1486508475,
    "date_ms": 1486508475899,
    "price": 1050.1100,
    "amount": 0.00540,
    "type": "buy",
    "tid": "783873"
  },
  {
    "date": 1486508447,
    "date_ms": 1486508447775,
    "price": 1050.4800,
    "amount": 0.01100,
    "type": "buy",
    "tid": "783871"
  },
  {
    "date": 1486508411,
    "date_ms": 1486508411525,
    "price": 1051.7500,
    "amount": 0.00490,
    "type": "sell",
    "tid": "783868"
  },
  {
    "date": 1486508384,
    "date_ms": 1486508384854,
    "price": 1051.5400,
    "amount": 0.01050,
    "type": "sell",
    "tid": "783866"
  },
  {
    "date": 1486508357,
    "date_ms": 1486508357870,
    "price": 1050.4600,
    "amount": 0.00490,
    "type": "buy",
    "tid": "783864"
  },
  {
    "date": 1486508296,
    "date_ms": 1486508296371,
    "price": 1051.0900,
    "amount": 0.00450,
    "type": "sell",
    "tid": "783859"
  },
  {
    "date": 1486508221,
    "date_ms": 1486508221559,
    "price": 1050.7600,
    "amount": 0.00420,
    "type": "buy",
    "tid": "783854"
  },
  {
    "date": 1486508174,
    "date_ms": 1486508174029,
    "price": 1050.9000,
    "amount": 0.00380,
    "type": "sell",
    "tid": "783852"
  },
  {
    "date": 1486508139,
    "date_ms": 1486508139029,
    "price": 1050.2500,
    "amount": 0.00760,
    "type": "buy",
    "tid": "783849"
  },
  {
    "date": 1486508109,
    "date_ms": 1486508109858,
    "price": 1050.0000,
    "amount": 0.00350,
    "type": "buy",
    "tid": "783846"
  },
  {
    "date": 1486508095,
    "date_ms": 1486508095171,
    "price": 1050.9700,
    "amount": 0.00730,
    "type": "sell",
    "tid": "783845"
  },
  {
    "date": 1486508057,
    "date_ms": 1486508057671,
    "price": 1050.6400,
    "amount": 0.00310,
    "type": "buy",
    "tid": "783842"
  },
  {
    "date": 1486508024,
    "date_ms": 1486508024531,
    "price": 1049.9200,
    "amount": 0.00690,
    "type": "buy",
    "tid": "783841"
  },
  {
    "date": 1486507991,
    "date_ms": 1486507991485,
    "price": 1051.3100,
    "amount": 0.00270,
    "type": "sell",
    "tid": "783838"
  },
  {
    "date": 1486507960,
    "date_ms": 1486507960595,
    "price": 1050.8100,
    "amount": 0.00650,
    "type": "buy",
    "tid": "783836"
  },
  {
    "date": 1486507933,
    "date_ms": 1486507933908,
    "price": 1050.7700,
    "amount": 0.00240,
    "type": "buy",
    "tid": "783834"
  },
  {
    "date": 1486507893,
    "date_ms": 1486507893455,
    "price": 1051.4400,
    "amount": 0.00620,
    "type": "sell",
    "tid": "783832"
  },
  {
    "date": 1486507862,
    "date_ms": 1486507862690,
    "price": 1050.5500,
    "amount": 0.00200,
    "type": "buy",
    "tid": "783830"
  },
  {
    "date": 1486507837,
    "date_ms": 1486507837284,
    "price": 1050.5400,
    "amount": 0.00580,
    "type": "buy",
    "tid": "783829"
  },
  {
    "date": 1486507799,
    "date_ms": 1486507799441,
    "price": 1051.5700,
    "amount": 0.00170,
    "type": "sell",
    "tid": "783825"
  },
  {
    "date": 1486507774,
    "date_ms": 1486507774801,
    "price": 1051.1800,
    "amount": 0.00550,
    "type": "sell",
    "tid": "783824"
  },
  {
    "date": 1486507752,
    "date_ms": 1486507752535,
    "price": 1051.4600,
    "amount": 0.00130,
    "type": "sell",
    "tid": "783822"
  },
  {
    "date": 1486507732,
    "date_ms": 1486507732676,
    "price": 1051.5700,
    "amount": 0.00510,
    "type": "sell",
    "tid": "783820"
  },
  {
    "date": 1486507714,
    "date_ms": 1486507714552,
    "price": 1051.5600,
    "amount": 0.00100,
    "type": "sell",
    "tid": "783818"
  },
  {
    "date": 1486507692,
    "date_ms": 1486507692271,
    "price": 1051.1300,
    "amount": 0.00480,
    "type": "sell",
    "tid": "783816"
  },
  {
    "date": 1486507618,
    "date_ms": 1486507618740,
    "price": 1051.0100,
    "amount": 0.00440,
    "type": "sell",
    "tid": "783812"
  },
  {
    "date": 1486507550,
    "date_ms": 1486507550413,
    "price": 1051.3300,
    "amount": 0.00400,
    "type": "sell",
    "tid": "783808"
  },
  {
    "date": 1486507530,
    "date_ms": 1486507530132,
    "price": 1050.1100,
    "amount": 0.00780,
    "type": "buy",
    "tid": "783807"
  },
  {
    "date": 1486507502,
    "date_ms": 1486507502867,
    "price": 1050.4300,
    "amount": 0.00370,
    "type": "buy",
    "tid": "783805"
  },
  {
    "date": 1486507487,
    "date_ms": 1486507487852,
    "price": 1050.0400,
    "amount": 0.00750,
    "type": "buy",
    "tid": "783803"
  },
  {
    "date": 1486507443,
    "date_ms": 1486507443556,
    "price": 1050.6100,
    "amount": 0.00330,
    "type": "buy",
    "tid": "783800"
  },
  {
    "date": 1486507416,
    "date_ms": 1486507416884,
    "price": 1051.5600,
    "amount": 0.00710,
    "type": "sell",
    "tid": "783798"
  },
  {
    "date": 1486507393,
    "date_ms": 1486507393681,
    "price": 1050.2000,
    "amount": 0.00300,
    "type": "buy",
    "tid": "783795"
  },
  {
    "date": 1486507359,
    "date_ms": 1486507359026,
    "price": 1051.1600,
    "amount": 0.17340,
    "type": "sell",
    "tid": "783793"
  },
  {
    "date": 1486507331,
    "date_ms": 1486507331042,
    "price": 1051.2700,
    "amount": 0.01590,
    "type": "sell",
    "tid": "783792"
  },
  {
    "date": 1486507310,
    "date_ms": 1486507310401,
    "price": 1051.2300,
    "amount": 0.15980,
    "type": "sell",
    "tid": "783790"
  },
  {
    "date": 1486507273,
    "date_ms": 1486507273714,
    "price": 1050.8300,
    "amount": 0.00240,
    "type": "sell",
    "tid": "783787"
  },
  {
    "date": 1486507256,
    "date_ms": 1486507256543,
    "price": 1049.9400,
    "amount": 0.14620,
    "type": "buy",
    "tid": "783785"
  },
  {
    "date": 1486507223,
    "date_ms": 1486507223184,
    "price": 1051.4000,
    "amount": 0.29040,
    "type": "sell",
    "tid": "783784"
  },
  {
    "date": 1486507184,
    "date_ms": 1486507184716,
    "price": 1050.9700,
    "amount": 0.13290,
    "type": "sell",
    "tid": "783781"
  },
  {
    "date": 1486507169,
    "date_ms": 1486507169982,
    "price": 1051.7500,
    "amount": 0.27680,
    "type": "sell",
    "tid": "783780"
  },
  {
    "date": 1486507130,
    "date_ms": 1486507130873,
    "price": 1050.0300,
    "amount": 0.11940,
    "type": "buy",
    "tid": "783777"
  },
  {
    "date": 1486507095,
    "date_ms": 1486507095905,
    "price": 1051.6000,
    "amount": 0.26320,
    "type": "sell",
    "tid": "783775"
  },
  {
    "date": 1486507063,
    "date_ms": 1486507063327,
    "price": 1050.3800,
    "amount": 0.10580,
    "type": "buy",
    "tid": "783774"
  },
  {
    "date": 1486507042,
    "date_ms": 1486507042140,
    "price": 1050.4800,
    "amount": 0.24970,
    "type": "buy",
    "tid": "783773"
  },
  {
    "date": 1486507003,
    "date_ms": 1486507003750,
    "price": 1051.4400,
    "amount": 0.09220,
    "type": "sell",
    "tid": "783770"
  },
  {
    "date": 1486506982,
    "date_ms": 1486506982813,
    "price": 1049.9100,
    "amount": 0.23610,
    "type": "buy",
    "tid": "783769"
  },
  {
    "date": 1486506949,
    "date_ms": 1486506949423,
    "price": 1051.4000,
    "amount": 0.07870,
    "type": "sell",
    "tid": "783766"
  },
  {
    "date": 1486506927,
    "date_ms": 1486506927157,
    "price": 1050.0800,
    "amount": 0.22250,
    "type": "buy",
    "tid": "783765"
  },
  {
    "date": 1486506899,
    "date_ms": 1486506899126,
    "price": 1050.2800,
    "amount": 0.06540,
    "type": "buy",
    "tid": "783764"
  },
  {
    "date": 1486506869,
    "date_ms": 1486506869471,
    "price": 1051.3600,
    "amount": 0.20920,
    "type": "sell",
    "tid": "783761"
  },
  {
    "date": 1486506828,
    "date_ms": 1486506828174,
    "price": 1051.2500,
    "amount": 0.05180,
    "type": "sell",
    "tid": "783759"
  },
  {
    "date": 1486506801,
    "date_ms": 1486506801659,
    "price": 1051.5300,
    "amount": 0.19570,
    "type": "sell",
    "tid": "783757"
  },
  {
    "date": 1486506774,
    "date_ms": 1486506774988,
    "price": 1050.8500,
    "amount": 0.03830,
    "type": "sell",
    "tid": "783755"
  },
  {
    "date": 1486506739,
    "date_ms": 1486506739238,
    "price": 1049.9100,
    "amount": 0.18210,
    "type": "buy",
    "tid": "783753"
  },
  {
    "date": 1486506717,
    "date_ms": 1486506717410,
    "price": 1050.0900,
    "amount": 0.02470,
    "type": "buy",
    "tid": "783751"
  },
  {
    "date": 1486506683,
    "date_ms": 1486506683942,
    "price": 1050.0900,
    "amount": 0.16850,
    "type": "buy",
    "tid": "783748"
  },
  {
    "date": 1486506649,
    "date_ms": 1486506649037,
    "price": 1050.2200,
    "amount": 0.01110,
    "type": "buy",
    "tid": "783746"
  },
  {
    "date": 1486506627,
    "date_ms": 1486506627224,
    "price": 1051.3600,
    "amount": 0.15500,
    "type": "sell",
    "tid": "783745"
  },
  {
    "date": 1486506588,
    "date_ms": 1486506588194,
    "price": 1049.9300,
    "amount": 0.29910,
    "type": "buy",
    "tid": "783743"
  },
  {
    "date": 1486506559,
    "date_ms": 1486506559632,
    "price": 1050.8900,
    "amount": 0.14170,
    "type": "sell",
    "tid": "783739"
  },
  {
    "date": 1486506521,
    "date_ms": 1486506521273,
    "price": 1051.5700,
    "amount": 0.28560,
    "type": "sell",
    "tid": "783737"
  },
  {
    "date": 1486506490,
    "date_ms": 1486506490586,
    "price": 1049.9500,
    "amount": 0.12810,
    "type": "buy",
    "tid": "783734"
  },
  {
    "date": 1486506458,
    "date_ms": 1486506458758,
    "price": 1051.1300,
    "amount": 0.27200,
    "type": "sell",
    "tid": "783732"
  },
  {
    "date": 1486506415,
    "date_ms": 1486506415368,
    "price": 1049.8700,
    "amount": 0.11460,
    "type": "buy",
    "tid": "783730"
  },
  {
    "date": 1486506398,
    "date_ms": 1486506398931,
    "price": 1050.4100,
    "amount": 0.25840,
    "type": "buy",
    "tid": "783727"
  },
  {
    "date": 1486506362,
    "date_ms": 1486506362900,
    "price": 1051.5800,
    "amount": 0.04760,
    "type": "sell",
    "tid": "783725"
  },
  {
    "date": 1486506308,
    "date_ms": 1486506308432,
    "price": 1050.3300,
    "amount": 0.04360,
    "type": "buy",
    "tid": "783722"
  },
  {
    "date": 1486506270,
    "date_ms": 1486506270824,
    "price": 1050.3300,
    "amount": 0.08660,
    "type": "buy",
    "tid": "783719"
  },
  {
    "date": 1486506243,
    "date_ms": 1486506243871,
    "price": 1051.2800,
    "amount": 0.03960,
    "type": "sell",
    "tid": "783717"
  },
  {
    "date": 1486506227,
    "date_ms": 1486506227230,
    "price": 1051.7100,
    "amount": 0.08250,
    "type": "sell",
    "tid": "783715"
  },
  {
    "date": 1486506195,
    "date_ms": 1486506195106,
    "price": 1051.8100,
    "amount": 0.03560,
    "type": "sell",
    "tid": "783714"
  },
  {
    "date": 1486506164,
    "date_ms": 1486506164388,
    "price": 1050.2700,
    "amount": 0.07850,
    "type": "buy",
    "tid": "783711"
  },
  {
    "date": 1486506127,
    "date_ms": 1486506127748,
    "price": 1050.7300,
    "amount": 0.03150,
    "type": "buy",
    "tid": "783709"
  },
  {
    "date": 1486506092,
    "date_ms": 1486506092404,
    "price": 1050.1300,
    "amount": 0.07440,
    "type": "buy",
    "tid": "783707"
  },
  {
    "date": 1486506075,
    "date_ms": 1486506075201,
    "price": 1051.5100,
    "amount": 0.02750,
    "type": "sell",
    "tid": "783705"
  },
  {
    "date": 1486506041,
    "date_ms": 1486506041890,
    "price": 1050.2600,
    "amount": 0.07040,
    "type": "buy",
    "tid": "783703"
  },
  {
    "date": 1486505996,
    "date_ms": 1486505996765,
    "price": 1050.3600,
    "amount": 0.02340,
    "type": "buy",
    "tid": "783699"
  },
  {
    "date": 1486505961,
    "date_ms": 1486505961922,
    "price": 1051.4600,
    "amount": 0.06630,
    "type": "sell",
    "tid": "783698"
  },
  {
    "date": 1486505926,
    "date_ms": 1486505926079,
    "price": 1051.7200,
    "amount": 0.01950,
    "type": "sell",
    "tid": "783695"
  },
  {
    "date": 1486505890,
    "date_ms": 1486505890689,
    "price": 1050.0000,
    "amount": 0.06240,
    "type": "buy",
    "tid": "783694"
  },
  {
    "date": 1486505858,
    "date_ms": 1486505858033,
    "price": 1050.1700,
    "amount": 0.01540,
    "type": "buy",
    "tid": "783691"
  },
  {
    "date": 1486505837,
    "date_ms": 1486505837127,
    "price": 1050.6600,
    "amount": 0.05830,
    "type": "buy",
    "tid": "783689"
  },
  {
    "date": 1486505803,
    "date_ms": 1486505803268,
    "price": 1049.8400,
    "amount": 0.01140,
    "type": "buy",
    "tid": "783686"
  },
  {
    "date": 1486505779,
    "date_ms": 1486505779612,
    "price": 1050.6600,
    "amount": 0.05430,
    "type": "buy",
    "tid": "783685"
  },
  {
    "date": 1486505755,
    "date_ms": 1486505755456,
    "price": 1050.1200,
    "amount": 0.00730,
    "type": "buy",
    "tid": "783683"
  },
  {
    "date": 1486505728,
    "date_ms": 1486505728957,
    "price": 1050.5100,
    "amount": 0.05020,
    "type": "buy",
    "tid": "783681"
  },
  {
    "date": 1486505694,
    "date_ms": 1486505694551,
    "price": 1051.0400,
    "amount": 0.00330,
    "type": "sell",
    "tid": "783677"
  },
  {
    "date": 1486505662,
    "date_ms": 1486505662364,
    "price": 1050.3900,
    "amount": 0.04620,
    "type": "buy",
    "tid": "783675"
  },
  {
    "date": 1486505631,
    "date_ms": 1486505631583,
    "price": 1051.3600,
    "amount": 0.08920,
    "type": "sell",
    "tid": "783672"
  },
  {
    "date": 1486505612,
    "date_ms": 1486505612568,
    "price": 1050.3500,
    "amount": 0.04220,
    "type": "buy",
    "tid": "783670"
  },
  {
    "date": 1486505590,
    "date_ms": 1486505590990,
    "price": 1050.2100,
    "amount": 0.08510,
    "type": "buy",
    "tid": "783668"
  },
  {
    "date": 1486505555,
    "date_ms": 1486505555991,
    "price": 1051.3500,
    "amount": 0.03820,
    "type": "sell",
    "tid": "783665"
  },
  {
    "date": 1486505527,
    "date_ms": 1486505527929,
    "price": 1050.6300,
    "amount": 0.08110,
    "type": "buy",
    "tid": "783664"
  },
  {
    "date": 1486505493,
    "date_ms": 1486505493288,
    "price": 1051.2700,
    "amount": 0.03410,
    "type": "sell",
    "tid": "783660"
  },
  {
    "date": 1486505451,
    "date_ms": 1486505451914,
    "price": 1051.4400,
    "amount": 0.07700,
    "type": "sell",
    "tid": "783658"
  },
  {
    "date": 1486505411,
    "date_ms": 1486505411040,
    "price": 1050.1400,
    "amount": 0.03010,
    "type": "buy",
    "tid": "783656"
  },
  {
    "date": 1486504378,
    "date_ms": 1486504378509,
    "price": 1049.8600,
    "amount": 0.00810,
    "type": "buy",
    "tid": "783618"
  },
  {
    "date": 1486504295,
    "date_ms": 1486504295869,
    "price": 1050.7200,
    "amount": 0.00740,
    "type": "buy",
    "tid": "783616"
  },
  {
    "date": 1486504260,
    "date_ms": 1486504260698,
    "price": 1051.2800,
    "amount": 0.01480,
    "type": "sell",
    "tid": "783615"
  },
  {
    "date": 1486504245,
    "date_ms": 1486504245089,
    "price": 1050.2800,
    "amount": 0.00670,
    "type": "buy",
    "tid": "783613"
  },
  {
    "date": 1486504224,
    "date_ms": 1486504224870,
    "price": 1051.6400,
    "amount": 0.01410,
    "type": "sell",
    "tid": "783612"
  },
  {
    "date": 1486504185,
    "date_ms": 1486504185996,
    "price": 1051.3700,
    "amount": 0.00600,
    "type": "sell",
    "tid": "783611"
  },
  {
    "date": 1486504142,
    "date_ms": 1486504142840,
    "price": 1050.1500,
    "amount": 0.01340,
    "type": "buy",
    "tid": "783609"
  },
  {
    "date": 1486504107,
    "date_ms": 1486504107091,
    "price": 1051.4900,
    "amount": 0.00540,
    "type": "sell",
    "tid": "783608"
  },
  {
    "date": 1486504090,
    "date_ms": 1486504090716,
    "price": 1051.1300,
    "amount": 0.01270,
    "type": "sell",
    "tid": "783607"
  },
  {
    "date": 1486504063,
    "date_ms": 1486504063091,
    "price": 1050.6900,
    "amount": 0.00470,
    "type": "buy",
    "tid": "783606"
  },
  {
    "date": 1486504044,
    "date_ms": 1486504044748,
    "price": 1050.5800,
    "amount": 0.01200,
    "type": "buy",
    "tid": "783605"
  },
  {
    "date": 1486504011,
    "date_ms": 1486504011030,
    "price": 1050.3200,
    "amount": 0.00400,
    "type": "buy",
    "tid": "783603"
  },
  {
    "date": 1486503987,
    "date_ms": 1486503987655,
    "price": 1051.3100,
    "amount": 0.01130,
    "type": "sell",
    "tid": "783602"
  },
  {
    "date": 1486503952,
    "date_ms": 1486503952499,
    "price": 1050.1200,
    "amount": 0.00330,
    "type": "buy",
    "tid": "783601"
  },
  {
    "date": 1486503907,
    "date_ms": 1486503907016,
    "price": 1050.0800,
    "amount": 0.01060,
    "type": "buy",
    "tid": "783599"
  },
  {
    "date": 1486503891,
    "date_ms": 1486503891891,
    "price": 1050.9600,
    "amount": 0.00260,
    "type": "sell",
    "tid": "783598"
  },
  {
    "date": 1486503854,
    "date_ms": 1486503854813,
    "price": 1051.3100,
    "amount": 0.00990,
    "type": "sell",
    "tid": "783596"
  },
  {
    "date": 1486503828,
    "date_ms": 1486503828064,
    "price": 1051.8000,
    "amount": 0.00190,
    "type": "sell",
    "tid": "783595"
  },
  {
    "date": 1486503801,
    "date_ms": 1486503801564,
    "price": 1050.5100,
    "amount": 0.00930,
    "type": "buy",
    "tid": "783594"
  },
  {
    "date": 1486503781,
    "date_ms": 1486503781893,
    "price": 1051.3900,
    "amount": 0.00120,
    "type": "sell",
    "tid": "783593"
  },
  {
    "date": 1486503752,
    "date_ms": 1486503752440,
    "price": 1050.2800,
    "amount": 0.00860,
    "type": "buy",
    "tid": "783592"
  },
  {
    "date": 1486503713,
    "date_ms": 1486503713175,
    "price": 1050.7300,
    "amount": 0.00790,
    "type": "buy",
    "tid": "783590"
  },
  {
    "date": 1486503673,
    "date_ms": 1486503673769,
    "price": 1050.6500,
    "amount": 0.01520,
    "type": "buy",
    "tid": "783589"
  },
  {
    "date": 1486503640,
    "date_ms": 1486503640270,
    "price": 1050.8900,
    "amount": 0.00720,
    "type": "sell",
    "tid": "783587"
  },
  {
    "date": 1486503601,
    "date_ms": 1486503601739,
    "price": 1051.1600,
    "amount": 0.01450,
    "type": "sell",
    "tid": "783586"
  },
  {
    "date": 1486503574,
    "date_ms": 1486503574990,
    "price": 1049.9400,
    "amount": 0.00650,
    "type": "buy",
    "tid": "783585"
  },
  {
    "date": 1486503541,
    "date_ms": 1486503541974,
    "price": 1050.2900,
    "amount": 0.01380,
    "type": "buy",
    "tid": "783583"
  },
  {
    "date": 1486503524,
    "date_ms": 1486503524318,
    "price": 1049.8200,
    "amount": 0.00580,
    "type": "buy",
    "tid": "783582"
  },
  {
    "date": 1486503498,
    "date_ms": 1486503498319,
    "price": 1051.1300,
    "amount": 0.01320,
    "type": "sell",
    "tid": "783580"
  }
]